%YAML 1.1
%TAG !u! tag:unity3d.com,2011:
--- !u!29 &1
OcclusionCullingSettings:
  m_ObjectHideFlags: 0
  serializedVersion: 2
  m_OcclusionBakeSettings:
    smallestOccluder: 5
    smallestHole: 0.25
    backfaceThreshold: 100
  m_SceneGUID: 00000000000000000000000000000000
  m_OcclusionCullingData: {fileID: 0}
--- !u!104 &2
RenderSettings:
  m_ObjectHideFlags: 0
  serializedVersion: 9
  m_Fog: 0
  m_FogColor: {r: 0.5, g: 0.5, b: 0.5, a: 1}
  m_FogMode: 3
  m_FogDensity: 0.01
  m_LinearFogStart: 0
  m_LinearFogEnd: 300
  m_AmbientSkyColor: {r: 0.212, g: 0.227, b: 0.259, a: 1}
  m_AmbientEquatorColor: {r: 0.114, g: 0.125, b: 0.133, a: 1}
  m_AmbientGroundColor: {r: 0.047, g: 0.043, b: 0.035, a: 1}
  m_AmbientIntensity: 1
  m_AmbientMode: 0
  m_SubtractiveShadowColor: {r: 0.42, g: 0.478, b: 0.627, a: 1}
  m_SkyboxMaterial: {fileID: 10304, guid: 0000000000000000f000000000000000, type: 0}
  m_HaloStrength: 0.5
  m_FlareStrength: 1
  m_FlareFadeSpeed: 3
  m_HaloTexture: {fileID: 0}
  m_SpotCookie: {fileID: 10001, guid: 0000000000000000e000000000000000, type: 0}
  m_DefaultReflectionMode: 0
  m_DefaultReflectionResolution: 128
  m_ReflectionBounces: 1
  m_ReflectionIntensity: 1
  m_CustomReflection: {fileID: 0}
  m_Sun: {fileID: 0}
  m_IndirectSpecularColor: {r: 0.12731749, g: 0.13414757, b: 0.1210787, a: 1}
  m_UseRadianceAmbientProbe: 0
--- !u!157 &3
LightmapSettings:
  m_ObjectHideFlags: 0
  serializedVersion: 12
  m_GIWorkflowMode: 1
  m_GISettings:
    serializedVersion: 2
    m_BounceScale: 1
    m_IndirectOutputScale: 1
    m_AlbedoBoost: 1
    m_EnvironmentLightingMode: 0
    m_EnableBakedLightmaps: 1
    m_EnableRealtimeLightmaps: 0
  m_LightmapEditorSettings:
    serializedVersion: 12
    m_Resolution: 2
    m_BakeResolution: 40
    m_AtlasSize: 1024
    m_AO: 0
    m_AOMaxDistance: 1
    m_CompAOExponent: 1
    m_CompAOExponentDirect: 0
    m_ExtractAmbientOcclusion: 0
    m_Padding: 2
    m_LightmapParameters: {fileID: 0}
    m_LightmapsBakeMode: 1
    m_TextureCompression: 1
    m_FinalGather: 0
    m_FinalGatherFiltering: 1
    m_FinalGatherRayCount: 256
    m_ReflectionCompression: 2
    m_MixedBakeMode: 2
    m_BakeBackend: 1
    m_PVRSampling: 1
    m_PVRDirectSampleCount: 32
    m_PVRSampleCount: 512
    m_PVRBounces: 2
    m_PVREnvironmentSampleCount: 256
    m_PVREnvironmentReferencePointCount: 2048
    m_PVRFilteringMode: 1
    m_PVRDenoiserTypeDirect: 1
    m_PVRDenoiserTypeIndirect: 1
    m_PVRDenoiserTypeAO: 1
    m_PVRFilterTypeDirect: 0
    m_PVRFilterTypeIndirect: 0
    m_PVRFilterTypeAO: 0
    m_PVREnvironmentMIS: 1
    m_PVRCulling: 1
    m_PVRFilteringGaussRadiusDirect: 1
    m_PVRFilteringGaussRadiusIndirect: 5
    m_PVRFilteringGaussRadiusAO: 2
    m_PVRFilteringAtrousPositionSigmaDirect: 0.5
    m_PVRFilteringAtrousPositionSigmaIndirect: 2
    m_PVRFilteringAtrousPositionSigmaAO: 1
    m_ExportTrainingData: 0
    m_TrainingDataDestination: TrainingData
    m_LightProbeSampleCountMultiplier: 4
  m_LightingDataAsset: {fileID: 0}
  m_LightingSettings: {fileID: 0}
--- !u!196 &4
NavMeshSettings:
  serializedVersion: 2
  m_ObjectHideFlags: 0
  m_BuildSettings:
    serializedVersion: 2
    agentTypeID: 0
    agentRadius: 0.5
    agentHeight: 2
    agentSlope: 45
    agentClimb: 0.4
    ledgeDropHeight: 0
    maxJumpAcrossDistance: 0
    minRegionArea: 2
    manualCellSize: 0
    cellSize: 0.16666667
    manualTileSize: 0
    tileSize: 256
    accuratePlacement: 0
    maxJobWorkers: 0
    preserveTilesOutsideBounds: 0
    debug:
      m_Flags: 0
  m_NavMeshData: {fileID: 0}
--- !u!1 &187833646
GameObject:
  m_ObjectHideFlags: 0
  m_CorrespondingSourceObject: {fileID: 0}
  m_PrefabInstance: {fileID: 0}
  m_PrefabAsset: {fileID: 0}
  serializedVersion: 6
  m_Component:
  - component: {fileID: 187833647}
  - component: {fileID: 187833649}
  - component: {fileID: 187833648}
  m_Layer: 5
  m_Name: Image (1)
  m_TagString: Untagged
  m_Icon: {fileID: 0}
  m_NavMeshLayer: 0
  m_StaticEditorFlags: 0
  m_IsActive: 1
--- !u!224 &187833647
RectTransform:
  m_ObjectHideFlags: 0
  m_CorrespondingSourceObject: {fileID: 0}
  m_PrefabInstance: {fileID: 0}
  m_PrefabAsset: {fileID: 0}
  m_GameObject: {fileID: 187833646}
  m_LocalRotation: {x: -0, y: -0, z: -0, w: 1}
  m_LocalPosition: {x: 0, y: 0, z: 0}
  m_LocalScale: {x: 12, y: 12, z: 1}
  m_Children:
  - {fileID: 625220395}
  m_Father: {fileID: 1086539161}
  m_RootOrder: 0
  m_LocalEulerAnglesHint: {x: 0, y: 0, z: 0}
  m_AnchorMin: {x: 0.5, y: 0.5}
  m_AnchorMax: {x: 0.5, y: 0.5}
  m_AnchoredPosition: {x: 0, y: 289}
  m_SizeDelta: {x: 100, y: 100}
  m_Pivot: {x: 0.5, y: 0.5}
--- !u!114 &187833648
MonoBehaviour:
  m_ObjectHideFlags: 0
  m_CorrespondingSourceObject: {fileID: 0}
  m_PrefabInstance: {fileID: 0}
  m_PrefabAsset: {fileID: 0}
  m_GameObject: {fileID: 187833646}
  m_Enabled: 1
  m_EditorHideFlags: 0
  m_Script: {fileID: 11500000, guid: fe87c0e1cc204ed48ad3b37840f39efc, type: 3}
  m_Name: 
  m_EditorClassIdentifier: 
  m_Material: {fileID: 0}
  m_Color: {r: 1, g: 1, b: 1, a: 1}
  m_RaycastTarget: 1
  m_RaycastPadding: {x: 0, y: 0, z: 0, w: 0}
  m_Maskable: 1
  m_OnCullStateChanged:
    m_PersistentCalls:
      m_Calls: []
  m_Sprite: {fileID: 21300000, guid: 6b9198644063f764791ce5531efaff66, type: 3}
  m_Type: 0
  m_PreserveAspect: 0
  m_FillCenter: 1
  m_FillMethod: 0
  m_FillAmount: 1
  m_FillClockwise: 1
  m_FillOrigin: 0
  m_UseSpriteMesh: 0
  m_PixelsPerUnitMultiplier: 1
--- !u!222 &187833649
CanvasRenderer:
  m_ObjectHideFlags: 0
  m_CorrespondingSourceObject: {fileID: 0}
  m_PrefabInstance: {fileID: 0}
  m_PrefabAsset: {fileID: 0}
  m_GameObject: {fileID: 187833646}
  m_CullTransparentMesh: 1
--- !u!1 &195566437
GameObject:
  m_ObjectHideFlags: 0
  m_CorrespondingSourceObject: {fileID: 0}
  m_PrefabInstance: {fileID: 0}
  m_PrefabAsset: {fileID: 0}
  serializedVersion: 6
  m_Component:
  - component: {fileID: 195566441}
  - component: {fileID: 195566440}
  - component: {fileID: 195566439}
  - component: {fileID: 195566438}
  m_Layer: 5
  m_Name: Canvas
  m_TagString: Untagged
  m_Icon: {fileID: 0}
  m_NavMeshLayer: 0
  m_StaticEditorFlags: 0
  m_IsActive: 1
--- !u!114 &195566438
MonoBehaviour:
  m_ObjectHideFlags: 0
  m_CorrespondingSourceObject: {fileID: 0}
  m_PrefabInstance: {fileID: 0}
  m_PrefabAsset: {fileID: 0}
  m_GameObject: {fileID: 195566437}
  m_Enabled: 1
  m_EditorHideFlags: 0
  m_Script: {fileID: 11500000, guid: dc42784cf147c0c48a680349fa168899, type: 3}
  m_Name: 
  m_EditorClassIdentifier: 
  m_IgnoreReversedGraphics: 1
  m_BlockingObjects: 0
  m_BlockingMask:
    serializedVersion: 2
    m_Bits: 4294967295
--- !u!114 &195566439
MonoBehaviour:
  m_ObjectHideFlags: 0
  m_CorrespondingSourceObject: {fileID: 0}
  m_PrefabInstance: {fileID: 0}
  m_PrefabAsset: {fileID: 0}
  m_GameObject: {fileID: 195566437}
  m_Enabled: 1
  m_EditorHideFlags: 0
  m_Script: {fileID: 11500000, guid: 0cd44c1031e13a943bb63640046fad76, type: 3}
  m_Name: 
  m_EditorClassIdentifier: 
  m_UiScaleMode: 1
  m_ReferencePixelsPerUnit: 100
  m_ScaleFactor: 1
  m_ReferenceResolution: {x: 1440, y: 2880}
  m_ScreenMatchMode: 0
  m_MatchWidthOrHeight: 1
  m_PhysicalUnit: 3
  m_FallbackScreenDPI: 96
  m_DefaultSpriteDPI: 96
  m_DynamicPixelsPerUnit: 1
  m_PresetInfoIsWorld: 0
--- !u!223 &195566440
Canvas:
  m_ObjectHideFlags: 0
  m_CorrespondingSourceObject: {fileID: 0}
  m_PrefabInstance: {fileID: 0}
  m_PrefabAsset: {fileID: 0}
  m_GameObject: {fileID: 195566437}
  m_Enabled: 1
  serializedVersion: 3
  m_RenderMode: 1
  m_Camera: {fileID: 2077895579}
  m_PlaneDistance: 100
  m_PixelPerfect: 0
  m_ReceivesEvents: 1
  m_OverrideSorting: 0
  m_OverridePixelPerfect: 0
  m_SortingBucketNormalizedSize: 0
  m_AdditionalShaderChannelsFlag: 0
  m_SortingLayerID: 0
  m_SortingOrder: 0
  m_TargetDisplay: 0
--- !u!224 &195566441
RectTransform:
  m_ObjectHideFlags: 0
  m_CorrespondingSourceObject: {fileID: 0}
  m_PrefabInstance: {fileID: 0}
  m_PrefabAsset: {fileID: 0}
  m_GameObject: {fileID: 195566437}
  m_LocalRotation: {x: 0, y: 0, z: 0, w: 1}
  m_LocalPosition: {x: 0, y: 0, z: 0}
  m_LocalScale: {x: 0, y: 0, z: 0}
  m_Children:
  - {fileID: 1987051056}
  - {fileID: 1086539161}
  - {fileID: 296588143}
  m_Father: {fileID: 0}
  m_RootOrder: 1
  m_LocalEulerAnglesHint: {x: 0, y: 0, z: 0}
  m_AnchorMin: {x: 0, y: 0}
  m_AnchorMax: {x: 0, y: 0}
  m_AnchoredPosition: {x: 0, y: 0}
  m_SizeDelta: {x: 0, y: 0}
  m_Pivot: {x: 0, y: 0}
--- !u!1 &296588142
GameObject:
  m_ObjectHideFlags: 0
  m_CorrespondingSourceObject: {fileID: 0}
  m_PrefabInstance: {fileID: 0}
  m_PrefabAsset: {fileID: 0}
  serializedVersion: 6
  m_Component:
  - component: {fileID: 296588143}
  - component: {fileID: 296588144}
  m_Layer: 5
  m_Name: quadrant_3_4
  m_TagString: Untagged
  m_Icon: {fileID: 0}
  m_NavMeshLayer: 0
  m_StaticEditorFlags: 0
  m_IsActive: 1
--- !u!224 &296588143
RectTransform:
  m_ObjectHideFlags: 0
  m_CorrespondingSourceObject: {fileID: 0}
  m_PrefabInstance: {fileID: 0}
  m_PrefabAsset: {fileID: 0}
  m_GameObject: {fileID: 296588142}
  m_LocalRotation: {x: 0, y: 0, z: 0, w: 1}
  m_LocalPosition: {x: 0, y: 0, z: 0}
  m_LocalScale: {x: 1, y: 1, z: 1}
  m_Children:
  - {fileID: 1012130626}
  - {fileID: 1875671594}
  - {fileID: 830988260}
  m_Father: {fileID: 195566441}
  m_RootOrder: 2
  m_LocalEulerAnglesHint: {x: 0, y: 0, z: 0}
  m_AnchorMin: {x: 0.5, y: 0.5}
  m_AnchorMax: {x: 0.5, y: 0.5}
  m_AnchoredPosition: {x: 0, y: -180}
  m_SizeDelta: {x: 1200, y: 600}
  m_Pivot: {x: 0.5, y: 0.5}
--- !u!114 &296588144
MonoBehaviour:
  m_ObjectHideFlags: 0
  m_CorrespondingSourceObject: {fileID: 0}
  m_PrefabInstance: {fileID: 0}
  m_PrefabAsset: {fileID: 0}
  m_GameObject: {fileID: 296588142}
  m_Enabled: 1
  m_EditorHideFlags: 0
  m_Script: {fileID: 11500000, guid: 3312d7739989d2b4e91e6319e9a96d76, type: 3}
  m_Name: 
  m_EditorClassIdentifier: 
  m_Padding: {x: -2, y: -2, z: -2, w: -2}
  m_Softness: {x: 0, y: 0}
--- !u!1001 &560275655
PrefabInstance:
  m_ObjectHideFlags: 0
  serializedVersion: 2
  m_Modification:
    m_TransformParent: {fileID: 296588143}
    m_Modifications:
    - target: {fileID: 8709182662746213672, guid: 39a4636aa01975845a7e3d4e4f3a6f52, type: 3}
      propertyPath: m_LocalScale.x
      value: 12
      objectReference: {fileID: 0}
    - target: {fileID: 8709182662746213672, guid: 39a4636aa01975845a7e3d4e4f3a6f52, type: 3}
      propertyPath: m_LocalScale.y
      value: 12
      objectReference: {fileID: 0}
    - target: {fileID: 8709182662746213672, guid: 39a4636aa01975845a7e3d4e4f3a6f52, type: 3}
      propertyPath: m_LocalScale.z
      value: 1
      objectReference: {fileID: 0}
    - target: {fileID: 8709182662746213672, guid: 39a4636aa01975845a7e3d4e4f3a6f52, type: 3}
      propertyPath: m_AnchoredPosition.x
      value: -1196
      objectReference: {fileID: 0}
    - target: {fileID: 8709182662746213672, guid: 39a4636aa01975845a7e3d4e4f3a6f52, type: 3}
      propertyPath: m_AnchoredPosition.y
      value: 300
      objectReference: {fileID: 0}
    - target: {fileID: 8709182662901730093, guid: 39a4636aa01975845a7e3d4e4f3a6f52, type: 3}
      propertyPath: m_Name
      value: ImageManipulator
      objectReference: {fileID: 0}
    - target: {fileID: 8709182662901730094, guid: 39a4636aa01975845a7e3d4e4f3a6f52, type: 3}
      propertyPath: m_Pivot.x
      value: 0.5
      objectReference: {fileID: 0}
    - target: {fileID: 8709182662901730094, guid: 39a4636aa01975845a7e3d4e4f3a6f52, type: 3}
      propertyPath: m_Pivot.y
      value: 0.5
      objectReference: {fileID: 0}
    - target: {fileID: 8709182662901730094, guid: 39a4636aa01975845a7e3d4e4f3a6f52, type: 3}
      propertyPath: m_RootOrder
      value: 1
      objectReference: {fileID: 0}
    - target: {fileID: 8709182662901730094, guid: 39a4636aa01975845a7e3d4e4f3a6f52, type: 3}
      propertyPath: m_AnchorMax.x
      value: 0.5
      objectReference: {fileID: 0}
    - target: {fileID: 8709182662901730094, guid: 39a4636aa01975845a7e3d4e4f3a6f52, type: 3}
      propertyPath: m_AnchorMax.y
      value: 0.5
      objectReference: {fileID: 0}
    - target: {fileID: 8709182662901730094, guid: 39a4636aa01975845a7e3d4e4f3a6f52, type: 3}
      propertyPath: m_AnchorMin.x
      value: 0.5
      objectReference: {fileID: 0}
    - target: {fileID: 8709182662901730094, guid: 39a4636aa01975845a7e3d4e4f3a6f52, type: 3}
      propertyPath: m_AnchorMin.y
      value: 0.5
      objectReference: {fileID: 0}
    - target: {fileID: 8709182662901730094, guid: 39a4636aa01975845a7e3d4e4f3a6f52, type: 3}
      propertyPath: m_SizeDelta.x
      value: 100
      objectReference: {fileID: 0}
    - target: {fileID: 8709182662901730094, guid: 39a4636aa01975845a7e3d4e4f3a6f52, type: 3}
      propertyPath: m_SizeDelta.y
      value: 100
      objectReference: {fileID: 0}
    - target: {fileID: 8709182662901730094, guid: 39a4636aa01975845a7e3d4e4f3a6f52, type: 3}
      propertyPath: m_LocalPosition.x
      value: 0
      objectReference: {fileID: 0}
    - target: {fileID: 8709182662901730094, guid: 39a4636aa01975845a7e3d4e4f3a6f52, type: 3}
      propertyPath: m_LocalPosition.y
      value: 0
      objectReference: {fileID: 0}
    - target: {fileID: 8709182662901730094, guid: 39a4636aa01975845a7e3d4e4f3a6f52, type: 3}
      propertyPath: m_LocalPosition.z
      value: 0
      objectReference: {fileID: 0}
    - target: {fileID: 8709182662901730094, guid: 39a4636aa01975845a7e3d4e4f3a6f52, type: 3}
      propertyPath: m_LocalRotation.w
      value: 1
      objectReference: {fileID: 0}
    - target: {fileID: 8709182662901730094, guid: 39a4636aa01975845a7e3d4e4f3a6f52, type: 3}
      propertyPath: m_LocalRotation.x
      value: -0
      objectReference: {fileID: 0}
    - target: {fileID: 8709182662901730094, guid: 39a4636aa01975845a7e3d4e4f3a6f52, type: 3}
      propertyPath: m_LocalRotation.y
      value: -0
      objectReference: {fileID: 0}
    - target: {fileID: 8709182662901730094, guid: 39a4636aa01975845a7e3d4e4f3a6f52, type: 3}
      propertyPath: m_LocalRotation.z
      value: -0
      objectReference: {fileID: 0}
    - target: {fileID: 8709182662901730094, guid: 39a4636aa01975845a7e3d4e4f3a6f52, type: 3}
      propertyPath: m_AnchoredPosition.x
      value: -2.8
      objectReference: {fileID: 0}
    - target: {fileID: 8709182662901730094, guid: 39a4636aa01975845a7e3d4e4f3a6f52, type: 3}
      propertyPath: m_AnchoredPosition.y
      value: 0
      objectReference: {fileID: 0}
    - target: {fileID: 8709182662901730094, guid: 39a4636aa01975845a7e3d4e4f3a6f52, type: 3}
      propertyPath: m_LocalEulerAnglesHint.x
      value: 0
      objectReference: {fileID: 0}
    - target: {fileID: 8709182662901730094, guid: 39a4636aa01975845a7e3d4e4f3a6f52, type: 3}
      propertyPath: m_LocalEulerAnglesHint.y
      value: 0
      objectReference: {fileID: 0}
    - target: {fileID: 8709182662901730094, guid: 39a4636aa01975845a7e3d4e4f3a6f52, type: 3}
      propertyPath: m_LocalEulerAnglesHint.z
      value: 0
      objectReference: {fileID: 0}
    - target: {fileID: 8709182662901730095, guid: 39a4636aa01975845a7e3d4e4f3a6f52, type: 3}
      propertyPath: source
      value: 
      objectReference: {fileID: 1012130626}
    - target: {fileID: 8709182663405842331, guid: 39a4636aa01975845a7e3d4e4f3a6f52, type: 3}
      propertyPath: m_AnchoredPosition.y
      value: 304
      objectReference: {fileID: 0}
    - target: {fileID: 8709182663840999109, guid: 39a4636aa01975845a7e3d4e4f3a6f52, type: 3}
      propertyPath: m_IsActive
      value: 0
      objectReference: {fileID: 0}
    - target: {fileID: 8709182663840999110, guid: 39a4636aa01975845a7e3d4e4f3a6f52, type: 3}
      propertyPath: m_LocalRotation.w
      value: 0.99999964
      objectReference: {fileID: 0}
    - target: {fileID: 8709182663840999110, guid: 39a4636aa01975845a7e3d4e4f3a6f52, type: 3}
      propertyPath: m_LocalRotation.z
      value: -0.0008878558
      objectReference: {fileID: 0}
    - target: {fileID: 8709182663840999110, guid: 39a4636aa01975845a7e3d4e4f3a6f52, type: 3}
      propertyPath: m_AnchoredPosition.y
      value: -46
      objectReference: {fileID: 0}
    - target: {fileID: 8709182663840999110, guid: 39a4636aa01975845a7e3d4e4f3a6f52, type: 3}
      propertyPath: m_LocalEulerAnglesHint.z
      value: -0.102
      objectReference: {fileID: 0}
    - target: {fileID: 8709182663840999111, guid: 39a4636aa01975845a7e3d4e4f3a6f52, type: 3}
      propertyPath: m_OnClick.m_PersistentCalls.m_Calls.Array.data[2].m_Arguments.m_IntArgument
      value: 0
      objectReference: {fileID: 0}
    - target: {fileID: 8709182663956878538, guid: 39a4636aa01975845a7e3d4e4f3a6f52, type: 3}
      propertyPath: m_LocalRotation.w
      value: 0.0008907168
      objectReference: {fileID: 0}
    - target: {fileID: 8709182663956878538, guid: 39a4636aa01975845a7e3d4e4f3a6f52, type: 3}
      propertyPath: m_LocalRotation.z
      value: 0.99999964
      objectReference: {fileID: 0}
    - target: {fileID: 8709182663956878538, guid: 39a4636aa01975845a7e3d4e4f3a6f52, type: 3}
      propertyPath: m_AnchoredPosition.x
      value: -449
      objectReference: {fileID: 0}
    - target: {fileID: 8709182663956878538, guid: 39a4636aa01975845a7e3d4e4f3a6f52, type: 3}
      propertyPath: m_AnchoredPosition.y
      value: -49
      objectReference: {fileID: 0}
    - target: {fileID: 8709182663956878538, guid: 39a4636aa01975845a7e3d4e4f3a6f52, type: 3}
      propertyPath: m_LocalEulerAnglesHint.z
      value: 179.898
      objectReference: {fileID: 0}
    - target: {fileID: 8709182663956878539, guid: 39a4636aa01975845a7e3d4e4f3a6f52, type: 3}
      propertyPath: m_OnClick.m_PersistentCalls.m_Calls.Array.data[2].m_Arguments.m_IntArgument
      value: 1
      objectReference: {fileID: 0}
    m_RemovedComponents: []
  m_SourcePrefab: {fileID: 100100000, guid: 39a4636aa01975845a7e3d4e4f3a6f52, type: 3}
--- !u!1 &560275656 stripped
GameObject:
  m_CorrespondingSourceObject: {fileID: 8709182663840999109, guid: 39a4636aa01975845a7e3d4e4f3a6f52, type: 3}
  m_PrefabInstance: {fileID: 560275655}
  m_PrefabAsset: {fileID: 0}
--- !u!1 &560275657 stripped
GameObject:
  m_CorrespondingSourceObject: {fileID: 8709182663956878537, guid: 39a4636aa01975845a7e3d4e4f3a6f52, type: 3}
  m_PrefabInstance: {fileID: 560275655}
  m_PrefabAsset: {fileID: 0}
--- !u!1 &625220394
GameObject:
  m_ObjectHideFlags: 0
  m_CorrespondingSourceObject: {fileID: 0}
  m_PrefabInstance: {fileID: 0}
  m_PrefabAsset: {fileID: 0}
  serializedVersion: 6
  m_Component:
  - component: {fileID: 625220395}
  - component: {fileID: 625220397}
  - component: {fileID: 625220396}
  m_Layer: 5
  m_Name: Image (1)
  m_TagString: Untagged
  m_Icon: {fileID: 0}
  m_NavMeshLayer: 0
  m_StaticEditorFlags: 0
  m_IsActive: 1
--- !u!224 &625220395
RectTransform:
  m_ObjectHideFlags: 0
  m_CorrespondingSourceObject: {fileID: 0}
  m_PrefabInstance: {fileID: 0}
  m_PrefabAsset: {fileID: 0}
  m_GameObject: {fileID: 625220394}
  m_LocalRotation: {x: -0, y: -0, z: -0, w: 1}
  m_LocalPosition: {x: 0, y: 0, z: 0}
  m_LocalScale: {x: 1, y: 1, z: 1}
  m_Children: []
  m_Father: {fileID: 187833647}
  m_RootOrder: 0
  m_LocalEulerAnglesHint: {x: 0, y: 0, z: 0}
  m_AnchorMin: {x: 0.5, y: 0.5}
  m_AnchorMax: {x: 0.5, y: 0.5}
  m_AnchoredPosition: {x: 99.8, y: -48.7}
  m_SizeDelta: {x: 100, y: 100}
  m_Pivot: {x: 0.5, y: 0.5}
--- !u!114 &625220396
MonoBehaviour:
  m_ObjectHideFlags: 0
  m_CorrespondingSourceObject: {fileID: 0}
  m_PrefabInstance: {fileID: 0}
  m_PrefabAsset: {fileID: 0}
  m_GameObject: {fileID: 625220394}
  m_Enabled: 1
  m_EditorHideFlags: 0
  m_Script: {fileID: 11500000, guid: fe87c0e1cc204ed48ad3b37840f39efc, type: 3}
  m_Name: 
  m_EditorClassIdentifier: 
  m_Material: {fileID: 0}
  m_Color: {r: 1, g: 1, b: 1, a: 1}
  m_RaycastTarget: 1
  m_RaycastPadding: {x: 0, y: 0, z: 0, w: 0}
  m_Maskable: 1
  m_OnCullStateChanged:
    m_PersistentCalls:
      m_Calls: []
  m_Sprite: {fileID: 21300000, guid: 18c32b0b36b73eb4790cb237b08557c2, type: 3}
  m_Type: 0
  m_PreserveAspect: 0
  m_FillCenter: 1
  m_FillMethod: 0
  m_FillAmount: 1
  m_FillClockwise: 1
  m_FillOrigin: 0
  m_UseSpriteMesh: 0
  m_PixelsPerUnitMultiplier: 1
--- !u!222 &625220397
CanvasRenderer:
  m_ObjectHideFlags: 0
  m_CorrespondingSourceObject: {fileID: 0}
  m_PrefabInstance: {fileID: 0}
  m_PrefabAsset: {fileID: 0}
  m_GameObject: {fileID: 625220394}
  m_CullTransparentMesh: 1
--- !u!1001 &727993806
PrefabInstance:
  m_ObjectHideFlags: 0
  serializedVersion: 2
  m_Modification:
    m_TransformParent: {fileID: 1086539161}
    m_Modifications:
    - target: {fileID: 8709182662746213672, guid: 39a4636aa01975845a7e3d4e4f3a6f52, type: 3}
      propertyPath: m_LocalScale.x
      value: 12
      objectReference: {fileID: 0}
    - target: {fileID: 8709182662746213672, guid: 39a4636aa01975845a7e3d4e4f3a6f52, type: 3}
      propertyPath: m_LocalScale.y
      value: 12
      objectReference: {fileID: 0}
    - target: {fileID: 8709182662746213672, guid: 39a4636aa01975845a7e3d4e4f3a6f52, type: 3}
      propertyPath: m_LocalScale.z
      value: 1
      objectReference: {fileID: 0}
    - target: {fileID: 8709182662746213672, guid: 39a4636aa01975845a7e3d4e4f3a6f52, type: 3}
      propertyPath: m_AnchoredPosition.x
      value: 0
      objectReference: {fileID: 0}
    - target: {fileID: 8709182662746213672, guid: 39a4636aa01975845a7e3d4e4f3a6f52, type: 3}
      propertyPath: m_AnchoredPosition.y
      value: -300
      objectReference: {fileID: 0}
    - target: {fileID: 8709182662901730093, guid: 39a4636aa01975845a7e3d4e4f3a6f52, type: 3}
      propertyPath: m_Name
      value: ImageManipulator (1)
      objectReference: {fileID: 0}
    - target: {fileID: 8709182662901730094, guid: 39a4636aa01975845a7e3d4e4f3a6f52, type: 3}
      propertyPath: m_Pivot.x
      value: 0.5
      objectReference: {fileID: 0}
    - target: {fileID: 8709182662901730094, guid: 39a4636aa01975845a7e3d4e4f3a6f52, type: 3}
      propertyPath: m_Pivot.y
      value: 0.5
      objectReference: {fileID: 0}
    - target: {fileID: 8709182662901730094, guid: 39a4636aa01975845a7e3d4e4f3a6f52, type: 3}
      propertyPath: m_RootOrder
      value: 1
      objectReference: {fileID: 0}
    - target: {fileID: 8709182662901730094, guid: 39a4636aa01975845a7e3d4e4f3a6f52, type: 3}
      propertyPath: m_AnchorMax.x
      value: 0.5
      objectReference: {fileID: 0}
    - target: {fileID: 8709182662901730094, guid: 39a4636aa01975845a7e3d4e4f3a6f52, type: 3}
      propertyPath: m_AnchorMax.y
      value: 0.5
      objectReference: {fileID: 0}
    - target: {fileID: 8709182662901730094, guid: 39a4636aa01975845a7e3d4e4f3a6f52, type: 3}
      propertyPath: m_AnchorMin.x
      value: 0.5
      objectReference: {fileID: 0}
    - target: {fileID: 8709182662901730094, guid: 39a4636aa01975845a7e3d4e4f3a6f52, type: 3}
      propertyPath: m_AnchorMin.y
      value: 0.5
      objectReference: {fileID: 0}
    - target: {fileID: 8709182662901730094, guid: 39a4636aa01975845a7e3d4e4f3a6f52, type: 3}
      propertyPath: m_SizeDelta.x
      value: 100
      objectReference: {fileID: 0}
    - target: {fileID: 8709182662901730094, guid: 39a4636aa01975845a7e3d4e4f3a6f52, type: 3}
      propertyPath: m_SizeDelta.y
      value: 100
      objectReference: {fileID: 0}
    - target: {fileID: 8709182662901730094, guid: 39a4636aa01975845a7e3d4e4f3a6f52, type: 3}
      propertyPath: m_LocalPosition.x
      value: 0
      objectReference: {fileID: 0}
    - target: {fileID: 8709182662901730094, guid: 39a4636aa01975845a7e3d4e4f3a6f52, type: 3}
      propertyPath: m_LocalPosition.y
      value: 0
      objectReference: {fileID: 0}
    - target: {fileID: 8709182662901730094, guid: 39a4636aa01975845a7e3d4e4f3a6f52, type: 3}
      propertyPath: m_LocalPosition.z
      value: 0
      objectReference: {fileID: 0}
    - target: {fileID: 8709182662901730094, guid: 39a4636aa01975845a7e3d4e4f3a6f52, type: 3}
      propertyPath: m_LocalRotation.w
      value: 1
      objectReference: {fileID: 0}
    - target: {fileID: 8709182662901730094, guid: 39a4636aa01975845a7e3d4e4f3a6f52, type: 3}
      propertyPath: m_LocalRotation.x
      value: -0
      objectReference: {fileID: 0}
    - target: {fileID: 8709182662901730094, guid: 39a4636aa01975845a7e3d4e4f3a6f52, type: 3}
      propertyPath: m_LocalRotation.y
      value: -0
      objectReference: {fileID: 0}
    - target: {fileID: 8709182662901730094, guid: 39a4636aa01975845a7e3d4e4f3a6f52, type: 3}
      propertyPath: m_LocalRotation.z
      value: -0
      objectReference: {fileID: 0}
    - target: {fileID: 8709182662901730094, guid: 39a4636aa01975845a7e3d4e4f3a6f52, type: 3}
      propertyPath: m_AnchoredPosition.x
      value: 0
      objectReference: {fileID: 0}
    - target: {fileID: 8709182662901730094, guid: 39a4636aa01975845a7e3d4e4f3a6f52, type: 3}
      propertyPath: m_AnchoredPosition.y
      value: 0
      objectReference: {fileID: 0}
    - target: {fileID: 8709182662901730094, guid: 39a4636aa01975845a7e3d4e4f3a6f52, type: 3}
      propertyPath: m_LocalEulerAnglesHint.x
      value: 0
      objectReference: {fileID: 0}
    - target: {fileID: 8709182662901730094, guid: 39a4636aa01975845a7e3d4e4f3a6f52, type: 3}
      propertyPath: m_LocalEulerAnglesHint.y
      value: 0
      objectReference: {fileID: 0}
    - target: {fileID: 8709182662901730094, guid: 39a4636aa01975845a7e3d4e4f3a6f52, type: 3}
      propertyPath: m_LocalEulerAnglesHint.z
      value: 0
      objectReference: {fileID: 0}
    - target: {fileID: 8709182662901730095, guid: 39a4636aa01975845a7e3d4e4f3a6f52, type: 3}
      propertyPath: source
      value: 
      objectReference: {fileID: 187833647}
    - target: {fileID: 8709182663840999109, guid: 39a4636aa01975845a7e3d4e4f3a6f52, type: 3}
      propertyPath: m_IsActive
      value: 0
      objectReference: {fileID: 0}
    - target: {fileID: 8709182663840999110, guid: 39a4636aa01975845a7e3d4e4f3a6f52, type: 3}
      propertyPath: m_LocalRotation.w
      value: 0.70773524
      objectReference: {fileID: 0}
    - target: {fileID: 8709182663840999110, guid: 39a4636aa01975845a7e3d4e4f3a6f52, type: 3}
      propertyPath: m_LocalRotation.z
      value: 0.7064778
      objectReference: {fileID: 0}
    - target: {fileID: 8709182663840999110, guid: 39a4636aa01975845a7e3d4e4f3a6f52, type: 3}
      propertyPath: m_AnchoredPosition.y
      value: 86
      objectReference: {fileID: 0}
    - target: {fileID: 8709182663840999110, guid: 39a4636aa01975845a7e3d4e4f3a6f52, type: 3}
      propertyPath: m_LocalEulerAnglesHint.z
      value: 89.898
      objectReference: {fileID: 0}
    - target: {fileID: 8709182663840999111, guid: 39a4636aa01975845a7e3d4e4f3a6f52, type: 3}
      propertyPath: m_OnClick.m_PersistentCalls.m_Calls.Array.data[2].m_Arguments.m_IntArgument
      value: 0
      objectReference: {fileID: 0}
    - target: {fileID: 8709182663956878537, guid: 39a4636aa01975845a7e3d4e4f3a6f52, type: 3}
      propertyPath: m_IsActive
      value: 1
      objectReference: {fileID: 0}
    - target: {fileID: 8709182663956878538, guid: 39a4636aa01975845a7e3d4e4f3a6f52, type: 3}
      propertyPath: m_LocalRotation.w
      value: -0.7064757
      objectReference: {fileID: 0}
    - target: {fileID: 8709182663956878538, guid: 39a4636aa01975845a7e3d4e4f3a6f52, type: 3}
      propertyPath: m_LocalRotation.z
      value: 0.7077373
      objectReference: {fileID: 0}
    - target: {fileID: 8709182663956878538, guid: 39a4636aa01975845a7e3d4e4f3a6f52, type: 3}
      propertyPath: m_AnchoredPosition.x
      value: 461
      objectReference: {fileID: 0}
    - target: {fileID: 8709182663956878538, guid: 39a4636aa01975845a7e3d4e4f3a6f52, type: 3}
      propertyPath: m_AnchoredPosition.y
      value: -142
      objectReference: {fileID: 0}
    - target: {fileID: 8709182663956878538, guid: 39a4636aa01975845a7e3d4e4f3a6f52, type: 3}
      propertyPath: m_LocalEulerAnglesHint.z
      value: 269.898
      objectReference: {fileID: 0}
    - target: {fileID: 8709182663956878539, guid: 39a4636aa01975845a7e3d4e4f3a6f52, type: 3}
      propertyPath: m_OnClick.m_PersistentCalls.m_Calls.Array.data[2].m_Arguments.m_IntArgument
      value: 1
      objectReference: {fileID: 0}
    m_RemovedComponents: []
  m_SourcePrefab: {fileID: 100100000, guid: 39a4636aa01975845a7e3d4e4f3a6f52, type: 3}
--- !u!224 &727993807 stripped
RectTransform:
  m_CorrespondingSourceObject: {fileID: 8709182662901730094, guid: 39a4636aa01975845a7e3d4e4f3a6f52, type: 3}
  m_PrefabInstance: {fileID: 727993806}
  m_PrefabAsset: {fileID: 0}
--- !u!1 &727993808 stripped
GameObject:
  m_CorrespondingSourceObject: {fileID: 8709182663840999109, guid: 39a4636aa01975845a7e3d4e4f3a6f52, type: 3}
  m_PrefabInstance: {fileID: 727993806}
  m_PrefabAsset: {fileID: 0}
--- !u!1 &727993809 stripped
GameObject:
  m_CorrespondingSourceObject: {fileID: 8709182663956878537, guid: 39a4636aa01975845a7e3d4e4f3a6f52, type: 3}
  m_PrefabInstance: {fileID: 727993806}
  m_PrefabAsset: {fileID: 0}
--- !u!1001 &735603793
PrefabInstance:
  m_ObjectHideFlags: 0
  serializedVersion: 2
  m_Modification:
    m_TransformParent: {fileID: 1086539161}
    m_Modifications:
    - target: {fileID: 5831547656767020672, guid: d0427123e849f6d4e90d108da6092a32, type: 3}
      propertyPath: m_AnchoredPosition.y
      value: -308.7
      objectReference: {fileID: 0}
    - target: {fileID: 5915642652456372579, guid: d0427123e849f6d4e90d108da6092a32, type: 3}
      propertyPath: m_Name
      value: borders
      objectReference: {fileID: 0}
    - target: {fileID: 7922742518856576088, guid: d0427123e849f6d4e90d108da6092a32, type: 3}
      propertyPath: m_Pivot.x
      value: 0.5
      objectReference: {fileID: 0}
    - target: {fileID: 7922742518856576088, guid: d0427123e849f6d4e90d108da6092a32, type: 3}
      propertyPath: m_Pivot.y
      value: 0.5
      objectReference: {fileID: 0}
    - target: {fileID: 7922742518856576088, guid: d0427123e849f6d4e90d108da6092a32, type: 3}
      propertyPath: m_RootOrder
      value: 2
      objectReference: {fileID: 0}
    - target: {fileID: 7922742518856576088, guid: d0427123e849f6d4e90d108da6092a32, type: 3}
      propertyPath: m_AnchorMax.x
      value: 0.5
      objectReference: {fileID: 0}
    - target: {fileID: 7922742518856576088, guid: d0427123e849f6d4e90d108da6092a32, type: 3}
      propertyPath: m_AnchorMax.y
      value: 0.5
      objectReference: {fileID: 0}
    - target: {fileID: 7922742518856576088, guid: d0427123e849f6d4e90d108da6092a32, type: 3}
      propertyPath: m_AnchorMin.x
      value: 0.5
      objectReference: {fileID: 0}
    - target: {fileID: 7922742518856576088, guid: d0427123e849f6d4e90d108da6092a32, type: 3}
      propertyPath: m_AnchorMin.y
      value: 0.5
      objectReference: {fileID: 0}
    - target: {fileID: 7922742518856576088, guid: d0427123e849f6d4e90d108da6092a32, type: 3}
      propertyPath: m_SizeDelta.x
      value: 100
      objectReference: {fileID: 0}
    - target: {fileID: 7922742518856576088, guid: d0427123e849f6d4e90d108da6092a32, type: 3}
      propertyPath: m_SizeDelta.y
      value: 100
      objectReference: {fileID: 0}
    - target: {fileID: 7922742518856576088, guid: d0427123e849f6d4e90d108da6092a32, type: 3}
      propertyPath: m_LocalPosition.x
      value: 0
      objectReference: {fileID: 0}
    - target: {fileID: 7922742518856576088, guid: d0427123e849f6d4e90d108da6092a32, type: 3}
      propertyPath: m_LocalPosition.y
      value: 0
      objectReference: {fileID: 0}
    - target: {fileID: 7922742518856576088, guid: d0427123e849f6d4e90d108da6092a32, type: 3}
      propertyPath: m_LocalPosition.z
      value: 0
      objectReference: {fileID: 0}
    - target: {fileID: 7922742518856576088, guid: d0427123e849f6d4e90d108da6092a32, type: 3}
      propertyPath: m_LocalRotation.w
      value: 1
      objectReference: {fileID: 0}
    - target: {fileID: 7922742518856576088, guid: d0427123e849f6d4e90d108da6092a32, type: 3}
      propertyPath: m_LocalRotation.x
      value: -0
      objectReference: {fileID: 0}
    - target: {fileID: 7922742518856576088, guid: d0427123e849f6d4e90d108da6092a32, type: 3}
      propertyPath: m_LocalRotation.y
      value: -0
      objectReference: {fileID: 0}
    - target: {fileID: 7922742518856576088, guid: d0427123e849f6d4e90d108da6092a32, type: 3}
      propertyPath: m_LocalRotation.z
      value: -0
      objectReference: {fileID: 0}
    - target: {fileID: 7922742518856576088, guid: d0427123e849f6d4e90d108da6092a32, type: 3}
      propertyPath: m_AnchoredPosition.x
      value: 0
      objectReference: {fileID: 0}
    - target: {fileID: 7922742518856576088, guid: d0427123e849f6d4e90d108da6092a32, type: 3}
      propertyPath: m_AnchoredPosition.y
      value: 0
      objectReference: {fileID: 0}
    - target: {fileID: 7922742518856576088, guid: d0427123e849f6d4e90d108da6092a32, type: 3}
      propertyPath: m_LocalEulerAnglesHint.x
      value: 0
      objectReference: {fileID: 0}
    - target: {fileID: 7922742518856576088, guid: d0427123e849f6d4e90d108da6092a32, type: 3}
      propertyPath: m_LocalEulerAnglesHint.y
      value: 0
      objectReference: {fileID: 0}
    - target: {fileID: 7922742518856576088, guid: d0427123e849f6d4e90d108da6092a32, type: 3}
      propertyPath: m_LocalEulerAnglesHint.z
      value: 0
      objectReference: {fileID: 0}
    m_RemovedComponents: []
  m_SourcePrefab: {fileID: 100100000, guid: d0427123e849f6d4e90d108da6092a32, type: 3}
--- !u!224 &735603794 stripped
RectTransform:
  m_CorrespondingSourceObject: {fileID: 7922742518856576088, guid: d0427123e849f6d4e90d108da6092a32, type: 3}
  m_PrefabInstance: {fileID: 735603793}
  m_PrefabAsset: {fileID: 0}
--- !u!1 &757382034
GameObject:
  m_ObjectHideFlags: 0
  m_CorrespondingSourceObject: {fileID: 0}
  m_PrefabInstance: {fileID: 0}
  m_PrefabAsset: {fileID: 0}
  serializedVersion: 6
  m_Component:
  - component: {fileID: 757382037}
  - component: {fileID: 757382036}
  - component: {fileID: 757382035}
  m_Layer: 0
  m_Name: EventSystem
  m_TagString: Untagged
  m_Icon: {fileID: 0}
  m_NavMeshLayer: 0
  m_StaticEditorFlags: 0
  m_IsActive: 1
--- !u!114 &757382035
MonoBehaviour:
  m_ObjectHideFlags: 0
  m_CorrespondingSourceObject: {fileID: 0}
  m_PrefabInstance: {fileID: 0}
  m_PrefabAsset: {fileID: 0}
  m_GameObject: {fileID: 757382034}
  m_Enabled: 1
  m_EditorHideFlags: 0
  m_Script: {fileID: 11500000, guid: 4f231c4fb786f3946a6b90b886c48677, type: 3}
  m_Name: 
  m_EditorClassIdentifier: 
  m_HorizontalAxis: Horizontal
  m_VerticalAxis: Vertical
  m_SubmitButton: Submit
  m_CancelButton: Cancel
  m_InputActionsPerSecond: 10
  m_RepeatDelay: 0.5
  m_ForceModuleActive: 0
--- !u!114 &757382036
MonoBehaviour:
  m_ObjectHideFlags: 0
  m_CorrespondingSourceObject: {fileID: 0}
  m_PrefabInstance: {fileID: 0}
  m_PrefabAsset: {fileID: 0}
  m_GameObject: {fileID: 757382034}
  m_Enabled: 1
  m_EditorHideFlags: 0
  m_Script: {fileID: 11500000, guid: 76c392e42b5098c458856cdf6ecaaaa1, type: 3}
  m_Name: 
  m_EditorClassIdentifier: 
  m_FirstSelected: {fileID: 0}
  m_sendNavigationEvents: 1
  m_DragThreshold: 10
--- !u!4 &757382037
Transform:
  m_ObjectHideFlags: 0
  m_CorrespondingSourceObject: {fileID: 0}
  m_PrefabInstance: {fileID: 0}
  m_PrefabAsset: {fileID: 0}
  m_GameObject: {fileID: 757382034}
  m_LocalRotation: {x: 0, y: 0, z: 0, w: 1}
  m_LocalPosition: {x: 0, y: 0, z: 0}
  m_LocalScale: {x: 1, y: 1, z: 1}
  m_Children: []
  m_Father: {fileID: 0}
  m_RootOrder: 2
  m_LocalEulerAnglesHint: {x: 0, y: 0, z: 0}
--- !u!1001 &830988259
PrefabInstance:
  m_ObjectHideFlags: 0
  serializedVersion: 2
  m_Modification:
    m_TransformParent: {fileID: 296588143}
    m_Modifications:
    - target: {fileID: 5915642652456372579, guid: d0427123e849f6d4e90d108da6092a32, type: 3}
      propertyPath: m_Name
      value: borders
      objectReference: {fileID: 0}
    - target: {fileID: 5983651098008272029, guid: d0427123e849f6d4e90d108da6092a32, type: 3}
      propertyPath: m_AnchoredPosition.y
      value: 307.1
      objectReference: {fileID: 0}
    - target: {fileID: 7247596172575356395, guid: d0427123e849f6d4e90d108da6092a32, type: 3}
      propertyPath: m_IsActive
      value: 1
      objectReference: {fileID: 0}
    - target: {fileID: 7922742518856576088, guid: d0427123e849f6d4e90d108da6092a32, type: 3}
      propertyPath: m_Pivot.x
      value: 0.5
      objectReference: {fileID: 0}
    - target: {fileID: 7922742518856576088, guid: d0427123e849f6d4e90d108da6092a32, type: 3}
      propertyPath: m_Pivot.y
      value: 0.5
      objectReference: {fileID: 0}
    - target: {fileID: 7922742518856576088, guid: d0427123e849f6d4e90d108da6092a32, type: 3}
      propertyPath: m_RootOrder
      value: 2
      objectReference: {fileID: 0}
    - target: {fileID: 7922742518856576088, guid: d0427123e849f6d4e90d108da6092a32, type: 3}
      propertyPath: m_AnchorMax.x
      value: 0.5
      objectReference: {fileID: 0}
    - target: {fileID: 7922742518856576088, guid: d0427123e849f6d4e90d108da6092a32, type: 3}
      propertyPath: m_AnchorMax.y
      value: 0.5
      objectReference: {fileID: 0}
    - target: {fileID: 7922742518856576088, guid: d0427123e849f6d4e90d108da6092a32, type: 3}
      propertyPath: m_AnchorMin.x
      value: 0.5
      objectReference: {fileID: 0}
    - target: {fileID: 7922742518856576088, guid: d0427123e849f6d4e90d108da6092a32, type: 3}
      propertyPath: m_AnchorMin.y
      value: 0.5
      objectReference: {fileID: 0}
    - target: {fileID: 7922742518856576088, guid: d0427123e849f6d4e90d108da6092a32, type: 3}
      propertyPath: m_SizeDelta.x
      value: 100
      objectReference: {fileID: 0}
    - target: {fileID: 7922742518856576088, guid: d0427123e849f6d4e90d108da6092a32, type: 3}
      propertyPath: m_SizeDelta.y
      value: 100
      objectReference: {fileID: 0}
    - target: {fileID: 7922742518856576088, guid: d0427123e849f6d4e90d108da6092a32, type: 3}
      propertyPath: m_LocalPosition.x
      value: 0
      objectReference: {fileID: 0}
    - target: {fileID: 7922742518856576088, guid: d0427123e849f6d4e90d108da6092a32, type: 3}
      propertyPath: m_LocalPosition.y
      value: 0
      objectReference: {fileID: 0}
    - target: {fileID: 7922742518856576088, guid: d0427123e849f6d4e90d108da6092a32, type: 3}
      propertyPath: m_LocalPosition.z
      value: 0
      objectReference: {fileID: 0}
    - target: {fileID: 7922742518856576088, guid: d0427123e849f6d4e90d108da6092a32, type: 3}
      propertyPath: m_LocalRotation.w
      value: 1
      objectReference: {fileID: 0}
    - target: {fileID: 7922742518856576088, guid: d0427123e849f6d4e90d108da6092a32, type: 3}
      propertyPath: m_LocalRotation.x
      value: -0
      objectReference: {fileID: 0}
    - target: {fileID: 7922742518856576088, guid: d0427123e849f6d4e90d108da6092a32, type: 3}
      propertyPath: m_LocalRotation.y
      value: -0
      objectReference: {fileID: 0}
    - target: {fileID: 7922742518856576088, guid: d0427123e849f6d4e90d108da6092a32, type: 3}
      propertyPath: m_LocalRotation.z
      value: -0
      objectReference: {fileID: 0}
    - target: {fileID: 7922742518856576088, guid: d0427123e849f6d4e90d108da6092a32, type: 3}
      propertyPath: m_AnchoredPosition.x
      value: 0
      objectReference: {fileID: 0}
    - target: {fileID: 7922742518856576088, guid: d0427123e849f6d4e90d108da6092a32, type: 3}
      propertyPath: m_AnchoredPosition.y
      value: 0
      objectReference: {fileID: 0}
    - target: {fileID: 7922742518856576088, guid: d0427123e849f6d4e90d108da6092a32, type: 3}
      propertyPath: m_LocalEulerAnglesHint.x
      value: 0
      objectReference: {fileID: 0}
    - target: {fileID: 7922742518856576088, guid: d0427123e849f6d4e90d108da6092a32, type: 3}
      propertyPath: m_LocalEulerAnglesHint.y
      value: 0
      objectReference: {fileID: 0}
    - target: {fileID: 7922742518856576088, guid: d0427123e849f6d4e90d108da6092a32, type: 3}
      propertyPath: m_LocalEulerAnglesHint.z
      value: 0
      objectReference: {fileID: 0}
    m_RemovedComponents: []
  m_SourcePrefab: {fileID: 100100000, guid: d0427123e849f6d4e90d108da6092a32, type: 3}
--- !u!224 &830988260 stripped
RectTransform:
  m_CorrespondingSourceObject: {fileID: 7922742518856576088, guid: d0427123e849f6d4e90d108da6092a32, type: 3}
  m_PrefabInstance: {fileID: 830988259}
  m_PrefabAsset: {fileID: 0}
--- !u!1 &1012130625
GameObject:
  m_ObjectHideFlags: 0
  m_CorrespondingSourceObject: {fileID: 0}
  m_PrefabInstance: {fileID: 0}
  m_PrefabAsset: {fileID: 0}
  serializedVersion: 6
  m_Component:
  - component: {fileID: 1012130626}
  - component: {fileID: 1012130628}
  - component: {fileID: 1012130627}
  m_Layer: 5
  m_Name: Image
  m_TagString: Untagged
  m_Icon: {fileID: 0}
  m_NavMeshLayer: 0
  m_StaticEditorFlags: 0
  m_IsActive: 1
--- !u!224 &1012130626
RectTransform:
  m_ObjectHideFlags: 0
  m_CorrespondingSourceObject: {fileID: 0}
  m_PrefabInstance: {fileID: 0}
  m_PrefabAsset: {fileID: 0}
  m_GameObject: {fileID: 1012130625}
  m_LocalRotation: {x: -0, y: -0, z: -0, w: 1}
  m_LocalPosition: {x: 0, y: 0, z: 0}
  m_LocalScale: {x: 12, y: 12, z: 1}
  m_Children:
  - {fileID: 2045243260}
  m_Father: {fileID: 296588143}
  m_RootOrder: 0
  m_LocalEulerAnglesHint: {x: 0, y: 0, z: 0}
  m_AnchorMin: {x: 0.5, y: 0.5}
  m_AnchorMax: {x: 0.5, y: 0.5}
  m_AnchoredPosition: {x: -2.7999878, y: 304}
  m_SizeDelta: {x: 100, y: 100}
  m_Pivot: {x: 0.5, y: 0.5}
--- !u!114 &1012130627
MonoBehaviour:
  m_ObjectHideFlags: 0
  m_CorrespondingSourceObject: {fileID: 0}
  m_PrefabInstance: {fileID: 0}
  m_PrefabAsset: {fileID: 0}
  m_GameObject: {fileID: 1012130625}
  m_Enabled: 1
  m_EditorHideFlags: 0
  m_Script: {fileID: 11500000, guid: fe87c0e1cc204ed48ad3b37840f39efc, type: 3}
  m_Name: 
  m_EditorClassIdentifier: 
  m_Material: {fileID: 0}
  m_Color: {r: 1, g: 1, b: 1, a: 1}
  m_RaycastTarget: 1
  m_RaycastPadding: {x: 0, y: 0, z: 0, w: 0}
  m_Maskable: 1
  m_OnCullStateChanged:
    m_PersistentCalls:
      m_Calls: []
  m_Sprite: {fileID: 21300000, guid: a2c50ec6fe0b4604d90ac1f5c42598e7, type: 3}
  m_Type: 0
  m_PreserveAspect: 0
  m_FillCenter: 1
  m_FillMethod: 0
  m_FillAmount: 1
  m_FillClockwise: 1
  m_FillOrigin: 0
  m_UseSpriteMesh: 0
  m_PixelsPerUnitMultiplier: 1
--- !u!222 &1012130628
CanvasRenderer:
  m_ObjectHideFlags: 0
  m_CorrespondingSourceObject: {fileID: 0}
  m_PrefabInstance: {fileID: 0}
  m_PrefabAsset: {fileID: 0}
  m_GameObject: {fileID: 1012130625}
  m_CullTransparentMesh: 1
--- !u!1001 &1047534910
PrefabInstance:
  m_ObjectHideFlags: 0
  serializedVersion: 2
  m_Modification:
    m_TransformParent: {fileID: 0}
    m_Modifications:
    - target: {fileID: 2837548523625294272, guid: 889efcea919467a41a0fa3e4968ef448, type: 3}
      propertyPath: m_RootOrder
      value: 3
      objectReference: {fileID: 0}
    - target: {fileID: 2837548523625294272, guid: 889efcea919467a41a0fa3e4968ef448, type: 3}
      propertyPath: m_LocalPosition.x
      value: 825.0079
      objectReference: {fileID: 0}
    - target: {fileID: 2837548523625294272, guid: 889efcea919467a41a0fa3e4968ef448, type: 3}
      propertyPath: m_LocalPosition.y
      value: 1385.6104
      objectReference: {fileID: 0}
    - target: {fileID: 2837548523625294272, guid: 889efcea919467a41a0fa3e4968ef448, type: 3}
      propertyPath: m_LocalPosition.z
      value: -25.04478
      objectReference: {fileID: 0}
    - target: {fileID: 2837548523625294272, guid: 889efcea919467a41a0fa3e4968ef448, type: 3}
      propertyPath: m_LocalRotation.w
      value: 1
      objectReference: {fileID: 0}
    - target: {fileID: 2837548523625294272, guid: 889efcea919467a41a0fa3e4968ef448, type: 3}
      propertyPath: m_LocalRotation.x
      value: 0
      objectReference: {fileID: 0}
    - target: {fileID: 2837548523625294272, guid: 889efcea919467a41a0fa3e4968ef448, type: 3}
      propertyPath: m_LocalRotation.y
      value: 0
      objectReference: {fileID: 0}
    - target: {fileID: 2837548523625294272, guid: 889efcea919467a41a0fa3e4968ef448, type: 3}
      propertyPath: m_LocalRotation.z
      value: 0
      objectReference: {fileID: 0}
    - target: {fileID: 2837548523625294272, guid: 889efcea919467a41a0fa3e4968ef448, type: 3}
      propertyPath: m_LocalEulerAnglesHint.x
      value: 0
      objectReference: {fileID: 0}
    - target: {fileID: 2837548523625294272, guid: 889efcea919467a41a0fa3e4968ef448, type: 3}
      propertyPath: m_LocalEulerAnglesHint.y
      value: 0
      objectReference: {fileID: 0}
    - target: {fileID: 2837548523625294272, guid: 889efcea919467a41a0fa3e4968ef448, type: 3}
      propertyPath: m_LocalEulerAnglesHint.z
      value: 0
      objectReference: {fileID: 0}
    - target: {fileID: 2837548523625294273, guid: 889efcea919467a41a0fa3e4968ef448, type: 3}
      propertyPath: m_Name
      value: WinCondition
      objectReference: {fileID: 0}
    - target: {fileID: 2837548523625294275, guid: 889efcea919467a41a0fa3e4968ef448, type: 3}
      propertyPath: disableOnWin.Array.data[0]
      value: 
      objectReference: {fileID: 727993809}
    - target: {fileID: 2837548523625294275, guid: 889efcea919467a41a0fa3e4968ef448, type: 3}
      propertyPath: disableOnWin.Array.data[1]
      value: 
      objectReference: {fileID: 727993808}
    - target: {fileID: 2837548523625294275, guid: 889efcea919467a41a0fa3e4968ef448, type: 3}
      propertyPath: disableOnWin.Array.data[2]
      value: 
      objectReference: {fileID: 560275657}
    - target: {fileID: 2837548523625294275, guid: 889efcea919467a41a0fa3e4968ef448, type: 3}
      propertyPath: disableOnWin.Array.data[3]
      value: 
      objectReference: {fileID: 560275656}
    - target: {fileID: 2837548523625294275, guid: 889efcea919467a41a0fa3e4968ef448, type: 3}
      propertyPath: borderVanishLogic.Array.size
      value: 1
      objectReference: {fileID: 0}
    - target: {fileID: 2837548523625294275, guid: 889efcea919467a41a0fa3e4968ef448, type: 3}
      propertyPath: targetToWin.Array.data[1].target
      value: 1
      objectReference: {fileID: 0}
    - target: {fileID: 2837548523625294275, guid: 889efcea919467a41a0fa3e4968ef448, type: 3}
      propertyPath: borderVanishLogic.Array.data[0].targetA
      value: 1
      objectReference: {fileID: 0}
    - target: {fileID: 2837548523625294275, guid: 889efcea919467a41a0fa3e4968ef448, type: 3}
      propertyPath: borderVanishLogic.Array.data[0].targetB
      value: 1
      objectReference: {fileID: 0}
    - target: {fileID: 2837548523625294275, guid: 889efcea919467a41a0fa3e4968ef448, type: 3}
      propertyPath: targetToWin.Array.data[0].imageManipulator
      value: 
      objectReference: {fileID: 1440455386}
    - target: {fileID: 2837548523625294275, guid: 889efcea919467a41a0fa3e4968ef448, type: 3}
      propertyPath: targetToWin.Array.data[1].imageManipulator
      value: 
      objectReference: {fileID: 2007736036}
    - target: {fileID: 2837548523625294275, guid: 889efcea919467a41a0fa3e4968ef448, type: 3}
      propertyPath: borderVanishLogic.Array.data[0].imageManipulatorA
      value: 
      objectReference: {fileID: 1440455386}
    - target: {fileID: 2837548523625294275, guid: 889efcea919467a41a0fa3e4968ef448, type: 3}
      propertyPath: borderVanishLogic.Array.data[0].imageManipulatorB
      value: 
      objectReference: {fileID: 2007736036}
    - target: {fileID: 2837548523625294275, guid: 889efcea919467a41a0fa3e4968ef448, type: 3}
      propertyPath: borderVanishLogic.Array.data[0].bordersToHide.Array.size
      value: 2
      objectReference: {fileID: 0}
    - target: {fileID: 2837548523625294275, guid: 889efcea919467a41a0fa3e4968ef448, type: 3}
      propertyPath: borderVanishLogic.Array.data[0].bordersToHide.Array.data[0]
      value: 
      objectReference: {fileID: 1244896769}
    - target: {fileID: 2837548523625294275, guid: 889efcea919467a41a0fa3e4968ef448, type: 3}
      propertyPath: borderVanishLogic.Array.data[0].bordersToHide.Array.data[1]
      value: 
      objectReference: {fileID: 1972847500}
    m_RemovedComponents: []
  m_SourcePrefab: {fileID: 100100000, guid: 889efcea919467a41a0fa3e4968ef448, type: 3}
--- !u!1 &1086539160
GameObject:
  m_ObjectHideFlags: 0
  m_CorrespondingSourceObject: {fileID: 0}
  m_PrefabInstance: {fileID: 0}
  m_PrefabAsset: {fileID: 0}
  serializedVersion: 6
  m_Component:
  - component: {fileID: 1086539161}
  - component: {fileID: 1086539162}
  m_Layer: 5
  m_Name: quadrant_1_2
  m_TagString: Untagged
  m_Icon: {fileID: 0}
  m_NavMeshLayer: 0
  m_StaticEditorFlags: 0
  m_IsActive: 1
--- !u!224 &1086539161
RectTransform:
  m_ObjectHideFlags: 0
  m_CorrespondingSourceObject: {fileID: 0}
  m_PrefabInstance: {fileID: 0}
  m_PrefabAsset: {fileID: 0}
  m_GameObject: {fileID: 1086539160}
  m_LocalRotation: {x: 0, y: 0, z: 0, w: 1}
  m_LocalPosition: {x: 0, y: 0, z: 0}
  m_LocalScale: {x: 1, y: 1, z: 1}
  m_Children:
  - {fileID: 187833647}
  - {fileID: 727993807}
  - {fileID: 735603794}
  m_Father: {fileID: 195566441}
  m_RootOrder: 1
  m_LocalEulerAnglesHint: {x: 0, y: 0, z: 0}
  m_AnchorMin: {x: 0.5, y: 0.5}
  m_AnchorMax: {x: 0.5, y: 0.5}
  m_AnchoredPosition: {x: 0, y: 420}
  m_SizeDelta: {x: 1200, y: 600}
  m_Pivot: {x: 0.5, y: 0.5}
--- !u!114 &1086539162
MonoBehaviour:
  m_ObjectHideFlags: 0
  m_CorrespondingSourceObject: {fileID: 0}
  m_PrefabInstance: {fileID: 0}
  m_PrefabAsset: {fileID: 0}
  m_GameObject: {fileID: 1086539160}
  m_Enabled: 1
  m_EditorHideFlags: 0
  m_Script: {fileID: 11500000, guid: 3312d7739989d2b4e91e6319e9a96d76, type: 3}
  m_Name: 
  m_EditorClassIdentifier: 
  m_Padding: {x: -2, y: -2, z: -2, w: -2}
  m_Softness: {x: 0, y: 0}
--- !u!1 &1244896769 stripped
GameObject:
  m_CorrespondingSourceObject: {fileID: 3911181141132546857, guid: d0427123e849f6d4e90d108da6092a32, type: 3}
  m_PrefabInstance: {fileID: 735603793}
  m_PrefabAsset: {fileID: 0}
--- !u!114 &1440455386 stripped
MonoBehaviour:
  m_CorrespondingSourceObject: {fileID: 8709182662901730095, guid: 39a4636aa01975845a7e3d4e4f3a6f52, type: 3}
  m_PrefabInstance: {fileID: 727993806}
  m_PrefabAsset: {fileID: 0}
  m_GameObject: {fileID: 0}
  m_Enabled: 1
  m_EditorHideFlags: 0
  m_Script: {fileID: 11500000, guid: 7eb0999a428459f48bb7256ae30aa3b0, type: 3}
  m_Name: 
  m_EditorClassIdentifier: 
--- !u!224 &1875671594 stripped
RectTransform:
  m_CorrespondingSourceObject: {fileID: 8709182662901730094, guid: 39a4636aa01975845a7e3d4e4f3a6f52, type: 3}
  m_PrefabInstance: {fileID: 560275655}
  m_PrefabAsset: {fileID: 0}
--- !u!1 &1972847500 stripped
GameObject:
  m_CorrespondingSourceObject: {fileID: 7247596172575356395, guid: d0427123e849f6d4e90d108da6092a32, type: 3}
  m_PrefabInstance: {fileID: 830988259}
  m_PrefabAsset: {fileID: 0}
--- !u!1 &1987051055
GameObject:
  m_ObjectHideFlags: 0
  m_CorrespondingSourceObject: {fileID: 0}
  m_PrefabInstance: {fileID: 0}
  m_PrefabAsset: {fileID: 0}
  serializedVersion: 6
  m_Component:
  - component: {fileID: 1987051056}
  - component: {fileID: 1987051058}
  - component: {fileID: 1987051057}
  m_Layer: 5
  m_Name: bg
  m_TagString: Untagged
  m_Icon: {fileID: 0}
  m_NavMeshLayer: 0
  m_StaticEditorFlags: 0
  m_IsActive: 1
--- !u!224 &1987051056
RectTransform:
  m_ObjectHideFlags: 0
  m_CorrespondingSourceObject: {fileID: 0}
  m_PrefabInstance: {fileID: 0}
  m_PrefabAsset: {fileID: 0}
  m_GameObject: {fileID: 1987051055}
  m_LocalRotation: {x: 0, y: 0, z: 0, w: 1}
  m_LocalPosition: {x: 0, y: 0, z: 0}
  m_LocalScale: {x: 1, y: 1, z: 1}
  m_Children: []
  m_Father: {fileID: 195566441}
  m_RootOrder: 0
  m_LocalEulerAnglesHint: {x: 0, y: 0, z: 0}
  m_AnchorMin: {x: 0, y: 0}
  m_AnchorMax: {x: 1, y: 1}
  m_AnchoredPosition: {x: 0, y: 0}
  m_SizeDelta: {x: 0, y: 0}
  m_Pivot: {x: 0.5, y: 0.5}
--- !u!114 &1987051057
MonoBehaviour:
  m_ObjectHideFlags: 0
  m_CorrespondingSourceObject: {fileID: 0}
  m_PrefabInstance: {fileID: 0}
  m_PrefabAsset: {fileID: 0}
  m_GameObject: {fileID: 1987051055}
  m_Enabled: 1
  m_EditorHideFlags: 0
  m_Script: {fileID: 11500000, guid: fe87c0e1cc204ed48ad3b37840f39efc, type: 3}
  m_Name: 
  m_EditorClassIdentifier: 
  m_Material: {fileID: 0}
  m_Color: {r: 1, g: 1, b: 1, a: 1}
  m_RaycastTarget: 1
  m_RaycastPadding: {x: 0, y: 0, z: 0, w: 0}
  m_Maskable: 1
  m_OnCullStateChanged:
    m_PersistentCalls:
      m_Calls: []
  m_Sprite: {fileID: 10907, guid: 0000000000000000f000000000000000, type: 0}
  m_Type: 1
  m_PreserveAspect: 0
  m_FillCenter: 1
  m_FillMethod: 4
  m_FillAmount: 1
  m_FillClockwise: 1
  m_FillOrigin: 0
  m_UseSpriteMesh: 0
  m_PixelsPerUnitMultiplier: 1
--- !u!222 &1987051058
CanvasRenderer:
  m_ObjectHideFlags: 0
  m_CorrespondingSourceObject: {fileID: 0}
  m_PrefabInstance: {fileID: 0}
  m_PrefabAsset: {fileID: 0}
  m_GameObject: {fileID: 1987051055}
  m_CullTransparentMesh: 1
--- !u!114 &2007736036 stripped
MonoBehaviour:
  m_CorrespondingSourceObject: {fileID: 8709182662901730095, guid: 39a4636aa01975845a7e3d4e4f3a6f52, type: 3}
  m_PrefabInstance: {fileID: 560275655}
  m_PrefabAsset: {fileID: 0}
  m_GameObject: {fileID: 0}
  m_Enabled: 1
  m_EditorHideFlags: 0
  m_Script: {fileID: 11500000, guid: 7eb0999a428459f48bb7256ae30aa3b0, type: 3}
  m_Name: 
  m_EditorClassIdentifier: 
--- !u!1 &2045243259
GameObject:
  m_ObjectHideFlags: 0
  m_CorrespondingSourceObject: {fileID: 0}
  m_PrefabInstance: {fileID: 0}
  m_PrefabAsset: {fileID: 0}
  serializedVersion: 6
  m_Component:
  - component: {fileID: 2045243260}
  - component: {fileID: 2045243262}
  - component: {fileID: 2045243261}
  m_Layer: 5
  m_Name: Image (1)
  m_TagString: Untagged
  m_Icon: {fileID: 0}
  m_NavMeshLayer: 0
  m_StaticEditorFlags: 0
  m_IsActive: 1
--- !u!224 &2045243260
RectTransform:
  m_ObjectHideFlags: 0
  m_CorrespondingSourceObject: {fileID: 0}
  m_PrefabInstance: {fileID: 0}
  m_PrefabAsset: {fileID: 0}
  m_GameObject: {fileID: 2045243259}
  m_LocalRotation: {x: -0, y: -0, z: -0, w: 1}
  m_LocalPosition: {x: 0, y: 0, z: 0}
  m_LocalScale: {x: 1, y: 1, z: 1}
  m_Children: []
  m_Father: {fileID: 1012130626}
  m_RootOrder: 0
  m_LocalEulerAnglesHint: {x: 0, y: 0, z: 0}
  m_AnchorMin: {x: 0.5, y: 0.5}
  m_AnchorMax: {x: 0.5, y: 0.5}
  m_AnchoredPosition: {x: 99.8, y: 0}
  m_SizeDelta: {x: 100, y: 100}
  m_Pivot: {x: 0.5, y: 0.5}
--- !u!114 &2045243261
MonoBehaviour:
  m_ObjectHideFlags: 0
  m_CorrespondingSourceObject: {fileID: 0}
  m_PrefabInstance: {fileID: 0}
  m_PrefabAsset: {fileID: 0}
  m_GameObject: {fileID: 2045243259}
  m_Enabled: 1
  m_EditorHideFlags: 0
  m_Script: {fileID: 11500000, guid: fe87c0e1cc204ed48ad3b37840f39efc, type: 3}
  m_Name: 
  m_EditorClassIdentifier: 
  m_Material: {fileID: 0}
  m_Color: {r: 1, g: 1, b: 1, a: 1}
  m_RaycastTarget: 1
  m_RaycastPadding: {x: 0, y: 0, z: 0, w: 0}
  m_Maskable: 1
  m_OnCullStateChanged:
    m_PersistentCalls:
      m_Calls: []
  m_Sprite: {fileID: 21300000, guid: 6b9198644063f764791ce5531efaff66, type: 3}
  m_Type: 0
  m_PreserveAspect: 0
  m_FillCenter: 1
  m_FillMethod: 0
  m_FillAmount: 1
  m_FillClockwise: 1
  m_FillOrigin: 0
  m_UseSpriteMesh: 0
  m_PixelsPerUnitMultiplier: 1
--- !u!222 &2045243262
CanvasRenderer:
  m_ObjectHideFlags: 0
  m_CorrespondingSourceObject: {fileID: 0}
  m_PrefabInstance: {fileID: 0}
  m_PrefabAsset: {fileID: 0}
  m_GameObject: {fileID: 2045243259}
  m_CullTransparentMesh: 1
--- !u!1001 &2077895578
PrefabInstance:
  m_ObjectHideFlags: 0
  serializedVersion: 2
  m_Modification:
    m_TransformParent: {fileID: 0}
    m_Modifications:
    - target: {fileID: 5460448206827445000, guid: bf77fe0b1edf2004796dff0c202e5091, type: 3}
      propertyPath: m_Name
      value: Main Camera
      objectReference: {fileID: 0}
    - target: {fileID: 5460448206827445007, guid: bf77fe0b1edf2004796dff0c202e5091, type: 3}
      propertyPath: m_RootOrder
      value: 0
      objectReference: {fileID: 0}
    - target: {fileID: 5460448206827445007, guid: bf77fe0b1edf2004796dff0c202e5091, type: 3}
      propertyPath: m_LocalPosition.x
      value: 0
      objectReference: {fileID: 0}
    - target: {fileID: 5460448206827445007, guid: bf77fe0b1edf2004796dff0c202e5091, type: 3}
      propertyPath: m_LocalPosition.y
      value: 1
      objectReference: {fileID: 0}
    - target: {fileID: 5460448206827445007, guid: bf77fe0b1edf2004796dff0c202e5091, type: 3}
      propertyPath: m_LocalPosition.z
      value: -10
      objectReference: {fileID: 0}
    - target: {fileID: 5460448206827445007, guid: bf77fe0b1edf2004796dff0c202e5091, type: 3}
      propertyPath: m_LocalRotation.w
      value: 1
      objectReference: {fileID: 0}
    - target: {fileID: 5460448206827445007, guid: bf77fe0b1edf2004796dff0c202e5091, type: 3}
      propertyPath: m_LocalRotation.x
      value: 0
      objectReference: {fileID: 0}
    - target: {fileID: 5460448206827445007, guid: bf77fe0b1edf2004796dff0c202e5091, type: 3}
      propertyPath: m_LocalRotation.y
      value: 0
      objectReference: {fileID: 0}
    - target: {fileID: 5460448206827445007, guid: bf77fe0b1edf2004796dff0c202e5091, type: 3}
      propertyPath: m_LocalRotation.z
      value: 0
      objectReference: {fileID: 0}
    - target: {fileID: 5460448206827445007, guid: bf77fe0b1edf2004796dff0c202e5091, type: 3}
      propertyPath: m_LocalEulerAnglesHint.x
      value: 0
      objectReference: {fileID: 0}
    - target: {fileID: 5460448206827445007, guid: bf77fe0b1edf2004796dff0c202e5091, type: 3}
      propertyPath: m_LocalEulerAnglesHint.y
      value: 0
      objectReference: {fileID: 0}
    - target: {fileID: 5460448206827445007, guid: bf77fe0b1edf2004796dff0c202e5091, type: 3}
      propertyPath: m_LocalEulerAnglesHint.z
      value: 0
      objectReference: {fileID: 0}
    m_RemovedComponents: []
  m_SourcePrefab: {fileID: 100100000, guid: bf77fe0b1edf2004796dff0c202e5091, type: 3}
--- !u!20 &2077895579 stripped
Camera:
  m_CorrespondingSourceObject: {fileID: 5460448206827445006, guid: bf77fe0b1edf2004796dff0c202e5091, type: 3}
  m_PrefabInstance: {fileID: 2077895578}
  m_PrefabAsset: {fileID: 0}
