%YAML 1.1
%TAG !u! tag:unity3d.com,2011:
--- !u!29 &1
OcclusionCullingSettings:
  m_ObjectHideFlags: 0
  serializedVersion: 2
  m_OcclusionBakeSettings:
    smallestOccluder: 5
    smallestHole: 0.25
    backfaceThreshold: 100
  m_SceneGUID: 00000000000000000000000000000000
  m_OcclusionCullingData: {fileID: 0}
--- !u!104 &2
RenderSettings:
  m_ObjectHideFlags: 0
  serializedVersion: 9
  m_Fog: 0
  m_FogColor: {r: 0.5, g: 0.5, b: 0.5, a: 1}
  m_FogMode: 3
  m_FogDensity: 0.01
  m_LinearFogStart: 0
  m_LinearFogEnd: 300
  m_AmbientSkyColor: {r: 0.212, g: 0.227, b: 0.259, a: 1}
  m_AmbientEquatorColor: {r: 0.114, g: 0.125, b: 0.133, a: 1}
  m_AmbientGroundColor: {r: 0.047, g: 0.043, b: 0.035, a: 1}
  m_AmbientIntensity: 1
  m_AmbientMode: 0
  m_SubtractiveShadowColor: {r: 0.42, g: 0.478, b: 0.627, a: 1}
  m_SkyboxMaterial: {fileID: 10304, guid: 0000000000000000f000000000000000, type: 0}
  m_HaloStrength: 0.5
  m_FlareStrength: 1
  m_FlareFadeSpeed: 3
  m_HaloTexture: {fileID: 0}
  m_SpotCookie: {fileID: 10001, guid: 0000000000000000e000000000000000, type: 0}
  m_DefaultReflectionMode: 0
  m_DefaultReflectionResolution: 128
  m_ReflectionBounces: 1
  m_ReflectionIntensity: 1
  m_CustomReflection: {fileID: 0}
  m_Sun: {fileID: 0}
  m_IndirectSpecularColor: {r: 0.12731749, g: 0.13414757, b: 0.1210787, a: 1}
  m_UseRadianceAmbientProbe: 0
--- !u!157 &3
LightmapSettings:
  m_ObjectHideFlags: 0
  serializedVersion: 12
  m_GIWorkflowMode: 1
  m_GISettings:
    serializedVersion: 2
    m_BounceScale: 1
    m_IndirectOutputScale: 1
    m_AlbedoBoost: 1
    m_EnvironmentLightingMode: 0
    m_EnableBakedLightmaps: 1
    m_EnableRealtimeLightmaps: 0
  m_LightmapEditorSettings:
    serializedVersion: 12
    m_Resolution: 2
    m_BakeResolution: 40
    m_AtlasSize: 1024
    m_AO: 0
    m_AOMaxDistance: 1
    m_CompAOExponent: 1
    m_CompAOExponentDirect: 0
    m_ExtractAmbientOcclusion: 0
    m_Padding: 2
    m_LightmapParameters: {fileID: 0}
    m_LightmapsBakeMode: 1
    m_TextureCompression: 1
    m_FinalGather: 0
    m_FinalGatherFiltering: 1
    m_FinalGatherRayCount: 256
    m_ReflectionCompression: 2
    m_MixedBakeMode: 2
    m_BakeBackend: 1
    m_PVRSampling: 1
    m_PVRDirectSampleCount: 32
    m_PVRSampleCount: 512
    m_PVRBounces: 2
    m_PVREnvironmentSampleCount: 256
    m_PVREnvironmentReferencePointCount: 2048
    m_PVRFilteringMode: 1
    m_PVRDenoiserTypeDirect: 1
    m_PVRDenoiserTypeIndirect: 1
    m_PVRDenoiserTypeAO: 1
    m_PVRFilterTypeDirect: 0
    m_PVRFilterTypeIndirect: 0
    m_PVRFilterTypeAO: 0
    m_PVREnvironmentMIS: 1
    m_PVRCulling: 1
    m_PVRFilteringGaussRadiusDirect: 1
    m_PVRFilteringGaussRadiusIndirect: 5
    m_PVRFilteringGaussRadiusAO: 2
    m_PVRFilteringAtrousPositionSigmaDirect: 0.5
    m_PVRFilteringAtrousPositionSigmaIndirect: 2
    m_PVRFilteringAtrousPositionSigmaAO: 1
    m_ExportTrainingData: 0
    m_TrainingDataDestination: TrainingData
    m_LightProbeSampleCountMultiplier: 4
  m_LightingDataAsset: {fileID: 0}
  m_LightingSettings: {fileID: 0}
--- !u!196 &4
NavMeshSettings:
  serializedVersion: 2
  m_ObjectHideFlags: 0
  m_BuildSettings:
    serializedVersion: 2
    agentTypeID: 0
    agentRadius: 0.5
    agentHeight: 2
    agentSlope: 45
    agentClimb: 0.4
    ledgeDropHeight: 0
    maxJumpAcrossDistance: 0
    minRegionArea: 2
    manualCellSize: 0
    cellSize: 0.16666667
    manualTileSize: 0
    tileSize: 256
    accuratePlacement: 0
    maxJobWorkers: 0
    preserveTilesOutsideBounds: 0
    debug:
      m_Flags: 0
  m_NavMeshData: {fileID: 0}
--- !u!1 &179508409
GameObject:
  m_ObjectHideFlags: 0
  m_CorrespondingSourceObject: {fileID: 0}
  m_PrefabInstance: {fileID: 0}
  m_PrefabAsset: {fileID: 0}
  serializedVersion: 6
  m_Component:
  - component: {fileID: 179508410}
  - component: {fileID: 179508412}
  - component: {fileID: 179508411}
  m_Layer: 5
  m_Name: Image
  m_TagString: Untagged
  m_Icon: {fileID: 0}
  m_NavMeshLayer: 0
  m_StaticEditorFlags: 0
  m_IsActive: 1
--- !u!224 &179508410
RectTransform:
  m_ObjectHideFlags: 0
  m_CorrespondingSourceObject: {fileID: 0}
  m_PrefabInstance: {fileID: 0}
  m_PrefabAsset: {fileID: 0}
  m_GameObject: {fileID: 179508409}
  m_LocalRotation: {x: -0, y: -0, z: -0, w: 1}
  m_LocalPosition: {x: 0, y: 0, z: 0}
  m_LocalScale: {x: 21.151264, y: 21.151264, z: 1.7626054}
  m_Children: []
  m_Father: {fileID: 1793225960}
  m_RootOrder: 0
  m_LocalEulerAnglesHint: {x: 0, y: 0, z: 0}
  m_AnchorMin: {x: 0.5, y: 0.5}
  m_AnchorMax: {x: 0.5, y: 0.5}
  m_AnchoredPosition: {x: 700, y: 675}
  m_SizeDelta: {x: 100, y: 100}
  m_Pivot: {x: 0.5, y: 0.5}
--- !u!114 &179508411
MonoBehaviour:
  m_ObjectHideFlags: 0
  m_CorrespondingSourceObject: {fileID: 0}
  m_PrefabInstance: {fileID: 0}
  m_PrefabAsset: {fileID: 0}
  m_GameObject: {fileID: 179508409}
  m_Enabled: 1
  m_EditorHideFlags: 0
  m_Script: {fileID: 11500000, guid: fe87c0e1cc204ed48ad3b37840f39efc, type: 3}
  m_Name: 
  m_EditorClassIdentifier: 
  m_Material: {fileID: 0}
  m_Color: {r: 1, g: 1, b: 1, a: 1}
  m_RaycastTarget: 1
  m_RaycastPadding: {x: 0, y: 0, z: 0, w: 0}
  m_Maskable: 1
  m_OnCullStateChanged:
    m_PersistentCalls:
      m_Calls: []
  m_Sprite: {fileID: 21300000, guid: 6b9198644063f764791ce5531efaff66, type: 3}
  m_Type: 0
  m_PreserveAspect: 0
  m_FillCenter: 1
  m_FillMethod: 0
  m_FillAmount: 1
  m_FillClockwise: 1
  m_FillOrigin: 0
  m_UseSpriteMesh: 0
  m_PixelsPerUnitMultiplier: 1
--- !u!222 &179508412
CanvasRenderer:
  m_ObjectHideFlags: 0
  m_CorrespondingSourceObject: {fileID: 0}
  m_PrefabInstance: {fileID: 0}
  m_PrefabAsset: {fileID: 0}
  m_GameObject: {fileID: 179508409}
  m_CullTransparentMesh: 1
--- !u!1 &195566437
GameObject:
  m_ObjectHideFlags: 0
  m_CorrespondingSourceObject: {fileID: 0}
  m_PrefabInstance: {fileID: 0}
  m_PrefabAsset: {fileID: 0}
  serializedVersion: 6
  m_Component:
  - component: {fileID: 195566441}
  - component: {fileID: 195566440}
  - component: {fileID: 195566439}
  - component: {fileID: 195566438}
  m_Layer: 5
  m_Name: Canvas
  m_TagString: Untagged
  m_Icon: {fileID: 0}
  m_NavMeshLayer: 0
  m_StaticEditorFlags: 0
  m_IsActive: 1
--- !u!114 &195566438
MonoBehaviour:
  m_ObjectHideFlags: 0
  m_CorrespondingSourceObject: {fileID: 0}
  m_PrefabInstance: {fileID: 0}
  m_PrefabAsset: {fileID: 0}
  m_GameObject: {fileID: 195566437}
  m_Enabled: 1
  m_EditorHideFlags: 0
  m_Script: {fileID: 11500000, guid: dc42784cf147c0c48a680349fa168899, type: 3}
  m_Name: 
  m_EditorClassIdentifier: 
  m_IgnoreReversedGraphics: 1
  m_BlockingObjects: 0
  m_BlockingMask:
    serializedVersion: 2
    m_Bits: 4294967295
--- !u!114 &195566439
MonoBehaviour:
  m_ObjectHideFlags: 0
  m_CorrespondingSourceObject: {fileID: 0}
  m_PrefabInstance: {fileID: 0}
  m_PrefabAsset: {fileID: 0}
  m_GameObject: {fileID: 195566437}
  m_Enabled: 1
  m_EditorHideFlags: 0
  m_Script: {fileID: 11500000, guid: 0cd44c1031e13a943bb63640046fad76, type: 3}
  m_Name: 
  m_EditorClassIdentifier: 
  m_UiScaleMode: 1
  m_ReferencePixelsPerUnit: 100
  m_ScaleFactor: 1
  m_ReferenceResolution: {x: 1440, y: 2880}
  m_ScreenMatchMode: 0
  m_MatchWidthOrHeight: 1
  m_PhysicalUnit: 3
  m_FallbackScreenDPI: 96
  m_DefaultSpriteDPI: 96
  m_DynamicPixelsPerUnit: 1
  m_PresetInfoIsWorld: 0
--- !u!223 &195566440
Canvas:
  m_ObjectHideFlags: 0
  m_CorrespondingSourceObject: {fileID: 0}
  m_PrefabInstance: {fileID: 0}
  m_PrefabAsset: {fileID: 0}
  m_GameObject: {fileID: 195566437}
  m_Enabled: 1
  serializedVersion: 3
  m_RenderMode: 1
  m_Camera: {fileID: 315622231}
  m_PlaneDistance: 100
  m_PixelPerfect: 0
  m_ReceivesEvents: 1
  m_OverrideSorting: 0
  m_OverridePixelPerfect: 0
  m_SortingBucketNormalizedSize: 0
  m_AdditionalShaderChannelsFlag: 0
  m_SortingLayerID: 0
  m_SortingOrder: 0
  m_TargetDisplay: 0
--- !u!224 &195566441
RectTransform:
  m_ObjectHideFlags: 0
  m_CorrespondingSourceObject: {fileID: 0}
  m_PrefabInstance: {fileID: 0}
  m_PrefabAsset: {fileID: 0}
  m_GameObject: {fileID: 195566437}
  m_LocalRotation: {x: 0, y: 0, z: 0, w: 1}
  m_LocalPosition: {x: 0, y: 0, z: 0}
  m_LocalScale: {x: 0, y: 0, z: 0}
  m_Children:
  - {fileID: 1987051056}
  - {fileID: 2094403546}
  - {fileID: 1793225960}
  - {fileID: 255838574}
  m_Father: {fileID: 0}
  m_RootOrder: 1
  m_LocalEulerAnglesHint: {x: 0, y: 0, z: 0}
  m_AnchorMin: {x: 0, y: 0}
  m_AnchorMax: {x: 0, y: 0}
  m_AnchoredPosition: {x: 0, y: 0}
  m_SizeDelta: {x: 0, y: 0}
  m_Pivot: {x: 0, y: 0}
--- !u!1001 &255190390
PrefabInstance:
  m_ObjectHideFlags: 0
  serializedVersion: 2
  m_Modification:
    m_TransformParent: {fileID: 255838574}
    m_Modifications:
    - target: {fileID: 895638097154470061, guid: 20a3db0b9d2c7f348beb07b32ce6b2b1, type: 3}
      propertyPath: m_Name
      value: borders_vertical
      objectReference: {fileID: 0}
    - target: {fileID: 895638097154470061, guid: 20a3db0b9d2c7f348beb07b32ce6b2b1, type: 3}
      propertyPath: m_IsActive
      value: 1
      objectReference: {fileID: 0}
    - target: {fileID: 2314303516180798934, guid: 20a3db0b9d2c7f348beb07b32ce6b2b1, type: 3}
      propertyPath: m_IsActive
      value: 0
      objectReference: {fileID: 0}
    - target: {fileID: 3712755981561189782, guid: 20a3db0b9d2c7f348beb07b32ce6b2b1, type: 3}
      propertyPath: m_Pivot.x
      value: 0.5
      objectReference: {fileID: 0}
    - target: {fileID: 3712755981561189782, guid: 20a3db0b9d2c7f348beb07b32ce6b2b1, type: 3}
      propertyPath: m_Pivot.y
      value: 0.5
      objectReference: {fileID: 0}
    - target: {fileID: 3712755981561189782, guid: 20a3db0b9d2c7f348beb07b32ce6b2b1, type: 3}
      propertyPath: m_RootOrder
      value: 2
      objectReference: {fileID: 0}
    - target: {fileID: 3712755981561189782, guid: 20a3db0b9d2c7f348beb07b32ce6b2b1, type: 3}
      propertyPath: m_AnchorMax.x
      value: 0.5
      objectReference: {fileID: 0}
    - target: {fileID: 3712755981561189782, guid: 20a3db0b9d2c7f348beb07b32ce6b2b1, type: 3}
      propertyPath: m_AnchorMax.y
      value: 0.5
      objectReference: {fileID: 0}
    - target: {fileID: 3712755981561189782, guid: 20a3db0b9d2c7f348beb07b32ce6b2b1, type: 3}
      propertyPath: m_AnchorMin.x
      value: 0.5
      objectReference: {fileID: 0}
    - target: {fileID: 3712755981561189782, guid: 20a3db0b9d2c7f348beb07b32ce6b2b1, type: 3}
      propertyPath: m_AnchorMin.y
      value: 0.5
      objectReference: {fileID: 0}
    - target: {fileID: 3712755981561189782, guid: 20a3db0b9d2c7f348beb07b32ce6b2b1, type: 3}
      propertyPath: m_SizeDelta.x
      value: 100
      objectReference: {fileID: 0}
    - target: {fileID: 3712755981561189782, guid: 20a3db0b9d2c7f348beb07b32ce6b2b1, type: 3}
      propertyPath: m_SizeDelta.y
      value: 100
      objectReference: {fileID: 0}
    - target: {fileID: 3712755981561189782, guid: 20a3db0b9d2c7f348beb07b32ce6b2b1, type: 3}
      propertyPath: m_LocalPosition.x
      value: 0
      objectReference: {fileID: 0}
    - target: {fileID: 3712755981561189782, guid: 20a3db0b9d2c7f348beb07b32ce6b2b1, type: 3}
      propertyPath: m_LocalPosition.y
      value: 0
      objectReference: {fileID: 0}
    - target: {fileID: 3712755981561189782, guid: 20a3db0b9d2c7f348beb07b32ce6b2b1, type: 3}
      propertyPath: m_LocalPosition.z
      value: 0
      objectReference: {fileID: 0}
    - target: {fileID: 3712755981561189782, guid: 20a3db0b9d2c7f348beb07b32ce6b2b1, type: 3}
      propertyPath: m_LocalRotation.w
      value: 1
      objectReference: {fileID: 0}
    - target: {fileID: 3712755981561189782, guid: 20a3db0b9d2c7f348beb07b32ce6b2b1, type: 3}
      propertyPath: m_LocalRotation.x
      value: 0
      objectReference: {fileID: 0}
    - target: {fileID: 3712755981561189782, guid: 20a3db0b9d2c7f348beb07b32ce6b2b1, type: 3}
      propertyPath: m_LocalRotation.y
      value: 0
      objectReference: {fileID: 0}
    - target: {fileID: 3712755981561189782, guid: 20a3db0b9d2c7f348beb07b32ce6b2b1, type: 3}
      propertyPath: m_LocalRotation.z
      value: 0
      objectReference: {fileID: 0}
    - target: {fileID: 3712755981561189782, guid: 20a3db0b9d2c7f348beb07b32ce6b2b1, type: 3}
      propertyPath: m_AnchoredPosition.x
      value: 306
      objectReference: {fileID: 0}
    - target: {fileID: 3712755981561189782, guid: 20a3db0b9d2c7f348beb07b32ce6b2b1, type: 3}
      propertyPath: m_AnchoredPosition.y
      value: 298
      objectReference: {fileID: 0}
    - target: {fileID: 3712755981561189782, guid: 20a3db0b9d2c7f348beb07b32ce6b2b1, type: 3}
      propertyPath: m_LocalEulerAnglesHint.x
      value: 0
      objectReference: {fileID: 0}
    - target: {fileID: 3712755981561189782, guid: 20a3db0b9d2c7f348beb07b32ce6b2b1, type: 3}
      propertyPath: m_LocalEulerAnglesHint.y
      value: 0
      objectReference: {fileID: 0}
    - target: {fileID: 3712755981561189782, guid: 20a3db0b9d2c7f348beb07b32ce6b2b1, type: 3}
      propertyPath: m_LocalEulerAnglesHint.z
      value: 0
      objectReference: {fileID: 0}
    - target: {fileID: 7147861968464013344, guid: 20a3db0b9d2c7f348beb07b32ce6b2b1, type: 3}
      propertyPath: m_IsActive
      value: 1
      objectReference: {fileID: 0}
    m_RemovedComponents: []
  m_SourcePrefab: {fileID: 100100000, guid: 20a3db0b9d2c7f348beb07b32ce6b2b1, type: 3}
--- !u!224 &255190391 stripped
RectTransform:
  m_CorrespondingSourceObject: {fileID: 3712755981561189782, guid: 20a3db0b9d2c7f348beb07b32ce6b2b1, type: 3}
  m_PrefabInstance: {fileID: 255190390}
  m_PrefabAsset: {fileID: 0}
--- !u!1 &255838573
GameObject:
  m_ObjectHideFlags: 0
  m_CorrespondingSourceObject: {fileID: 0}
  m_PrefabInstance: {fileID: 0}
  m_PrefabAsset: {fileID: 0}
  serializedVersion: 6
  m_Component:
  - component: {fileID: 255838574}
  - component: {fileID: 255838575}
  m_Layer: 5
  m_Name: quadrant_1_4
  m_TagString: Untagged
  m_Icon: {fileID: 0}
  m_NavMeshLayer: 0
  m_StaticEditorFlags: 0
  m_IsActive: 1
--- !u!224 &255838574
RectTransform:
  m_ObjectHideFlags: 0
  m_CorrespondingSourceObject: {fileID: 0}
  m_PrefabInstance: {fileID: 0}
  m_PrefabAsset: {fileID: 0}
  m_GameObject: {fileID: 255838573}
  m_LocalRotation: {x: 0, y: 0, z: 0, w: 1}
  m_LocalPosition: {x: 0, y: 0, z: 0}
  m_LocalScale: {x: 1, y: 1, z: 1}
  m_Children:
  - {fileID: 1985989842}
  - {fileID: 1675553966}
  - {fileID: 255190391}
  m_Father: {fileID: 195566441}
  m_RootOrder: 3
  m_LocalEulerAnglesHint: {x: 0, y: 0, z: 0}
  m_AnchorMin: {x: 0.5, y: 0.5}
  m_AnchorMax: {x: 0.5, y: 0.5}
  m_AnchoredPosition: {x: 300, y: 120}
  m_SizeDelta: {x: 600, y: 1200}
  m_Pivot: {x: 0.5, y: 0.5}
--- !u!114 &255838575
MonoBehaviour:
  m_ObjectHideFlags: 0
  m_CorrespondingSourceObject: {fileID: 0}
  m_PrefabInstance: {fileID: 0}
  m_PrefabAsset: {fileID: 0}
  m_GameObject: {fileID: 255838573}
  m_Enabled: 1
  m_EditorHideFlags: 0
  m_Script: {fileID: 11500000, guid: 3312d7739989d2b4e91e6319e9a96d76, type: 3}
  m_Name: 
  m_EditorClassIdentifier: 
  m_Padding: {x: -2, y: -2, z: -2, w: -2}
  m_Softness: {x: 0, y: 0}
--- !u!1001 &315622230
PrefabInstance:
  m_ObjectHideFlags: 0
  serializedVersion: 2
  m_Modification:
    m_TransformParent: {fileID: 0}
    m_Modifications:
    - target: {fileID: 5460448206827445000, guid: bf77fe0b1edf2004796dff0c202e5091, type: 3}
      propertyPath: m_Name
      value: Main Camera
      objectReference: {fileID: 0}
    - target: {fileID: 5460448206827445007, guid: bf77fe0b1edf2004796dff0c202e5091, type: 3}
      propertyPath: m_RootOrder
      value: 0
      objectReference: {fileID: 0}
    - target: {fileID: 5460448206827445007, guid: bf77fe0b1edf2004796dff0c202e5091, type: 3}
      propertyPath: m_LocalPosition.x
      value: 0
      objectReference: {fileID: 0}
    - target: {fileID: 5460448206827445007, guid: bf77fe0b1edf2004796dff0c202e5091, type: 3}
      propertyPath: m_LocalPosition.y
      value: 1
      objectReference: {fileID: 0}
    - target: {fileID: 5460448206827445007, guid: bf77fe0b1edf2004796dff0c202e5091, type: 3}
      propertyPath: m_LocalPosition.z
      value: -10
      objectReference: {fileID: 0}
    - target: {fileID: 5460448206827445007, guid: bf77fe0b1edf2004796dff0c202e5091, type: 3}
      propertyPath: m_LocalRotation.w
      value: 1
      objectReference: {fileID: 0}
    - target: {fileID: 5460448206827445007, guid: bf77fe0b1edf2004796dff0c202e5091, type: 3}
      propertyPath: m_LocalRotation.x
      value: 0
      objectReference: {fileID: 0}
    - target: {fileID: 5460448206827445007, guid: bf77fe0b1edf2004796dff0c202e5091, type: 3}
      propertyPath: m_LocalRotation.y
      value: 0
      objectReference: {fileID: 0}
    - target: {fileID: 5460448206827445007, guid: bf77fe0b1edf2004796dff0c202e5091, type: 3}
      propertyPath: m_LocalRotation.z
      value: 0
      objectReference: {fileID: 0}
    - target: {fileID: 5460448206827445007, guid: bf77fe0b1edf2004796dff0c202e5091, type: 3}
      propertyPath: m_LocalEulerAnglesHint.x
      value: 0
      objectReference: {fileID: 0}
    - target: {fileID: 5460448206827445007, guid: bf77fe0b1edf2004796dff0c202e5091, type: 3}
      propertyPath: m_LocalEulerAnglesHint.y
      value: 0
      objectReference: {fileID: 0}
    - target: {fileID: 5460448206827445007, guid: bf77fe0b1edf2004796dff0c202e5091, type: 3}
      propertyPath: m_LocalEulerAnglesHint.z
      value: 0
      objectReference: {fileID: 0}
    m_RemovedComponents: []
  m_SourcePrefab: {fileID: 100100000, guid: bf77fe0b1edf2004796dff0c202e5091, type: 3}
--- !u!20 &315622231 stripped
Camera:
  m_CorrespondingSourceObject: {fileID: 5460448206827445006, guid: bf77fe0b1edf2004796dff0c202e5091, type: 3}
  m_PrefabInstance: {fileID: 315622230}
  m_PrefabAsset: {fileID: 0}
--- !u!1 &375865878
GameObject:
  m_ObjectHideFlags: 0
  m_CorrespondingSourceObject: {fileID: 0}
  m_PrefabInstance: {fileID: 0}
  m_PrefabAsset: {fileID: 0}
  serializedVersion: 6
  m_Component:
  - component: {fileID: 375865879}
  - component: {fileID: 375865880}
  m_Layer: 5
  m_Name: Mask
  m_TagString: Untagged
  m_Icon: {fileID: 0}
  m_NavMeshLayer: 0
  m_StaticEditorFlags: 0
  m_IsActive: 1
--- !u!224 &375865879
RectTransform:
  m_ObjectHideFlags: 0
  m_CorrespondingSourceObject: {fileID: 0}
  m_PrefabInstance: {fileID: 0}
  m_PrefabAsset: {fileID: 0}
  m_GameObject: {fileID: 375865878}
  m_LocalRotation: {x: 0, y: 0, z: 0, w: 1}
  m_LocalPosition: {x: 0, y: 0, z: 0}
  m_LocalScale: {x: 0.21597001, y: 0.21597001, z: 0.21597001}
  m_Children:
  - {fileID: 1739445674}
  m_Father: {fileID: 1654806207}
  m_RootOrder: 0
  m_LocalEulerAnglesHint: {x: 0, y: 0, z: 0}
  m_AnchorMin: {x: 0, y: 1}
  m_AnchorMax: {x: 0, y: 1}
  m_AnchoredPosition: {x: 28.6, y: -28.8}
  m_SizeDelta: {x: 100, y: 100}
  m_Pivot: {x: 0.5, y: 0.5}
--- !u!114 &375865880
MonoBehaviour:
  m_ObjectHideFlags: 0
  m_CorrespondingSourceObject: {fileID: 0}
  m_PrefabInstance: {fileID: 0}
  m_PrefabAsset: {fileID: 0}
  m_GameObject: {fileID: 375865878}
  m_Enabled: 1
  m_EditorHideFlags: 0
  m_Script: {fileID: 11500000, guid: 3312d7739989d2b4e91e6319e9a96d76, type: 3}
  m_Name: 
  m_EditorClassIdentifier: 
  m_Padding: {x: -2, y: -2, z: -2, w: -2}
  m_Softness: {x: 0, y: 0}
--- !u!1001 &438154846
PrefabInstance:
  m_ObjectHideFlags: 0
  serializedVersion: 2
  m_Modification:
    m_TransformParent: {fileID: 2094403546}
    m_Modifications:
    - target: {fileID: 6148824418048397998, guid: a002cd83505a72e4f94db8c91fadde38, type: 3}
      propertyPath: m_Name
      value: borders_single
      objectReference: {fileID: 0}
    - target: {fileID: 6148824418048397998, guid: a002cd83505a72e4f94db8c91fadde38, type: 3}
      propertyPath: m_IsActive
      value: 1
      objectReference: {fileID: 0}
    - target: {fileID: 7691772975449536405, guid: a002cd83505a72e4f94db8c91fadde38, type: 3}
      propertyPath: m_Pivot.x
      value: 0.5
      objectReference: {fileID: 0}
    - target: {fileID: 7691772975449536405, guid: a002cd83505a72e4f94db8c91fadde38, type: 3}
      propertyPath: m_Pivot.y
      value: 0.5
      objectReference: {fileID: 0}
    - target: {fileID: 7691772975449536405, guid: a002cd83505a72e4f94db8c91fadde38, type: 3}
      propertyPath: m_RootOrder
      value: 2
      objectReference: {fileID: 0}
    - target: {fileID: 7691772975449536405, guid: a002cd83505a72e4f94db8c91fadde38, type: 3}
      propertyPath: m_AnchorMax.x
      value: 0.5
      objectReference: {fileID: 0}
    - target: {fileID: 7691772975449536405, guid: a002cd83505a72e4f94db8c91fadde38, type: 3}
      propertyPath: m_AnchorMax.y
      value: 0.5
      objectReference: {fileID: 0}
    - target: {fileID: 7691772975449536405, guid: a002cd83505a72e4f94db8c91fadde38, type: 3}
      propertyPath: m_AnchorMin.x
      value: 0.5
      objectReference: {fileID: 0}
    - target: {fileID: 7691772975449536405, guid: a002cd83505a72e4f94db8c91fadde38, type: 3}
      propertyPath: m_AnchorMin.y
      value: 0.5
      objectReference: {fileID: 0}
    - target: {fileID: 7691772975449536405, guid: a002cd83505a72e4f94db8c91fadde38, type: 3}
      propertyPath: m_SizeDelta.x
      value: 100
      objectReference: {fileID: 0}
    - target: {fileID: 7691772975449536405, guid: a002cd83505a72e4f94db8c91fadde38, type: 3}
      propertyPath: m_SizeDelta.y
      value: 100
      objectReference: {fileID: 0}
    - target: {fileID: 7691772975449536405, guid: a002cd83505a72e4f94db8c91fadde38, type: 3}
      propertyPath: m_LocalPosition.x
      value: 0
      objectReference: {fileID: 0}
    - target: {fileID: 7691772975449536405, guid: a002cd83505a72e4f94db8c91fadde38, type: 3}
      propertyPath: m_LocalPosition.y
      value: 0
      objectReference: {fileID: 0}
    - target: {fileID: 7691772975449536405, guid: a002cd83505a72e4f94db8c91fadde38, type: 3}
      propertyPath: m_LocalPosition.z
      value: 0
      objectReference: {fileID: 0}
    - target: {fileID: 7691772975449536405, guid: a002cd83505a72e4f94db8c91fadde38, type: 3}
      propertyPath: m_LocalRotation.w
      value: 1
      objectReference: {fileID: 0}
    - target: {fileID: 7691772975449536405, guid: a002cd83505a72e4f94db8c91fadde38, type: 3}
      propertyPath: m_LocalRotation.x
      value: 0
      objectReference: {fileID: 0}
    - target: {fileID: 7691772975449536405, guid: a002cd83505a72e4f94db8c91fadde38, type: 3}
      propertyPath: m_LocalRotation.y
      value: 0
      objectReference: {fileID: 0}
    - target: {fileID: 7691772975449536405, guid: a002cd83505a72e4f94db8c91fadde38, type: 3}
      propertyPath: m_LocalRotation.z
      value: 0
      objectReference: {fileID: 0}
    - target: {fileID: 7691772975449536405, guid: a002cd83505a72e4f94db8c91fadde38, type: 3}
      propertyPath: m_AnchoredPosition.x
      value: 0
      objectReference: {fileID: 0}
    - target: {fileID: 7691772975449536405, guid: a002cd83505a72e4f94db8c91fadde38, type: 3}
      propertyPath: m_AnchoredPosition.y
      value: 0
      objectReference: {fileID: 0}
    - target: {fileID: 7691772975449536405, guid: a002cd83505a72e4f94db8c91fadde38, type: 3}
      propertyPath: m_LocalEulerAnglesHint.x
      value: 0
      objectReference: {fileID: 0}
    - target: {fileID: 7691772975449536405, guid: a002cd83505a72e4f94db8c91fadde38, type: 3}
      propertyPath: m_LocalEulerAnglesHint.y
      value: 0
      objectReference: {fileID: 0}
    - target: {fileID: 7691772975449536405, guid: a002cd83505a72e4f94db8c91fadde38, type: 3}
      propertyPath: m_LocalEulerAnglesHint.z
      value: 0
      objectReference: {fileID: 0}
    m_RemovedComponents: []
  m_SourcePrefab: {fileID: 100100000, guid: a002cd83505a72e4f94db8c91fadde38, type: 3}
--- !u!224 &438154847 stripped
RectTransform:
  m_CorrespondingSourceObject: {fileID: 7691772975449536405, guid: a002cd83505a72e4f94db8c91fadde38, type: 3}
  m_PrefabInstance: {fileID: 438154846}
  m_PrefabAsset: {fileID: 0}
--- !u!1 &438154848 stripped
GameObject:
  m_CorrespondingSourceObject: {fileID: 3533874464152586468, guid: a002cd83505a72e4f94db8c91fadde38, type: 3}
  m_PrefabInstance: {fileID: 438154846}
  m_PrefabAsset: {fileID: 0}
--- !u!1 &539311890
GameObject:
  m_ObjectHideFlags: 0
  m_CorrespondingSourceObject: {fileID: 0}
  m_PrefabInstance: {fileID: 0}
  m_PrefabAsset: {fileID: 0}
  serializedVersion: 6
  m_Component:
  - component: {fileID: 539311891}
  m_Layer: 5
  m_Name: target2
  m_TagString: Untagged
  m_Icon: {fileID: 0}
  m_NavMeshLayer: 0
  m_StaticEditorFlags: 0
  m_IsActive: 1
--- !u!224 &539311891
RectTransform:
  m_ObjectHideFlags: 0
  m_CorrespondingSourceObject: {fileID: 0}
  m_PrefabInstance: {fileID: 0}
  m_PrefabAsset: {fileID: 0}
  m_GameObject: {fileID: 539311890}
  m_LocalRotation: {x: -0, y: -0, z: -0, w: 1}
  m_LocalPosition: {x: 0, y: 0, z: 0}
  m_LocalScale: {x: 11.664331, y: 11.664331, z: 0.96680725}
  m_Children: []
  m_Father: {fileID: 1858787875}
  m_RootOrder: 4
  m_LocalEulerAnglesHint: {x: 0, y: 0, z: 0}
  m_AnchorMin: {x: 0.5, y: 0.5}
  m_AnchorMax: {x: 0.5, y: 0.5}
  m_AnchoredPosition: {x: 27, y: 214}
  m_SizeDelta: {x: 100, y: 100}
  m_Pivot: {x: 0.5, y: 0.5}
--- !u!1001 &673933991
PrefabInstance:
  m_ObjectHideFlags: 0
  serializedVersion: 2
  m_Modification:
    m_TransformParent: {fileID: 0}
    m_Modifications:
    - target: {fileID: 2837548523625294272, guid: 889efcea919467a41a0fa3e4968ef448, type: 3}
      propertyPath: m_RootOrder
      value: 3
      objectReference: {fileID: 0}
    - target: {fileID: 2837548523625294272, guid: 889efcea919467a41a0fa3e4968ef448, type: 3}
      propertyPath: m_LocalPosition.x
      value: 825.0079
      objectReference: {fileID: 0}
    - target: {fileID: 2837548523625294272, guid: 889efcea919467a41a0fa3e4968ef448, type: 3}
      propertyPath: m_LocalPosition.y
      value: 1385.6104
      objectReference: {fileID: 0}
    - target: {fileID: 2837548523625294272, guid: 889efcea919467a41a0fa3e4968ef448, type: 3}
      propertyPath: m_LocalPosition.z
      value: -25.04478
      objectReference: {fileID: 0}
    - target: {fileID: 2837548523625294272, guid: 889efcea919467a41a0fa3e4968ef448, type: 3}
      propertyPath: m_LocalRotation.w
      value: 1
      objectReference: {fileID: 0}
    - target: {fileID: 2837548523625294272, guid: 889efcea919467a41a0fa3e4968ef448, type: 3}
      propertyPath: m_LocalRotation.x
      value: 0
      objectReference: {fileID: 0}
    - target: {fileID: 2837548523625294272, guid: 889efcea919467a41a0fa3e4968ef448, type: 3}
      propertyPath: m_LocalRotation.y
      value: 0
      objectReference: {fileID: 0}
    - target: {fileID: 2837548523625294272, guid: 889efcea919467a41a0fa3e4968ef448, type: 3}
      propertyPath: m_LocalRotation.z
      value: 0
      objectReference: {fileID: 0}
    - target: {fileID: 2837548523625294272, guid: 889efcea919467a41a0fa3e4968ef448, type: 3}
      propertyPath: m_LocalEulerAnglesHint.x
      value: 0
      objectReference: {fileID: 0}
    - target: {fileID: 2837548523625294272, guid: 889efcea919467a41a0fa3e4968ef448, type: 3}
      propertyPath: m_LocalEulerAnglesHint.y
      value: 0
      objectReference: {fileID: 0}
    - target: {fileID: 2837548523625294272, guid: 889efcea919467a41a0fa3e4968ef448, type: 3}
      propertyPath: m_LocalEulerAnglesHint.z
      value: 0
      objectReference: {fileID: 0}
    - target: {fileID: 2837548523625294273, guid: 889efcea919467a41a0fa3e4968ef448, type: 3}
      propertyPath: m_Name
      value: WinCondition
      objectReference: {fileID: 0}
    - target: {fileID: 2837548523625294275, guid: 889efcea919467a41a0fa3e4968ef448, type: 3}
      propertyPath: targetToWin.Array.size
      value: 3
      objectReference: {fileID: 0}
    - target: {fileID: 2837548523625294275, guid: 889efcea919467a41a0fa3e4968ef448, type: 3}
      propertyPath: disableOnWin.Array.size
      value: 6
      objectReference: {fileID: 0}
    - target: {fileID: 2837548523625294275, guid: 889efcea919467a41a0fa3e4968ef448, type: 3}
      propertyPath: disableOnWin.Array.data[0]
      value: 
      objectReference: {fileID: 1858787877}
    - target: {fileID: 2837548523625294275, guid: 889efcea919467a41a0fa3e4968ef448, type: 3}
      propertyPath: disableOnWin.Array.data[1]
      value: 
      objectReference: {fileID: 1858787876}
    - target: {fileID: 2837548523625294275, guid: 889efcea919467a41a0fa3e4968ef448, type: 3}
      propertyPath: disableOnWin.Array.data[2]
      value: 
      objectReference: {fileID: 1760528769}
    - target: {fileID: 2837548523625294275, guid: 889efcea919467a41a0fa3e4968ef448, type: 3}
      propertyPath: disableOnWin.Array.data[3]
      value: 
      objectReference: {fileID: 1760528768}
    - target: {fileID: 2837548523625294275, guid: 889efcea919467a41a0fa3e4968ef448, type: 3}
      propertyPath: disableOnWin.Array.data[4]
      value: 
      objectReference: {fileID: 1675553968}
    - target: {fileID: 2837548523625294275, guid: 889efcea919467a41a0fa3e4968ef448, type: 3}
      propertyPath: disableOnWin.Array.data[5]
      value: 
      objectReference: {fileID: 1675553967}
    - target: {fileID: 2837548523625294275, guid: 889efcea919467a41a0fa3e4968ef448, type: 3}
      propertyPath: borderVanishLogic.Array.size
      value: 3
      objectReference: {fileID: 0}
    - target: {fileID: 2837548523625294275, guid: 889efcea919467a41a0fa3e4968ef448, type: 3}
      propertyPath: buttonVanishLogic.Array.size
      value: 2
      objectReference: {fileID: 0}
    - target: {fileID: 2837548523625294275, guid: 889efcea919467a41a0fa3e4968ef448, type: 3}
      propertyPath: targetToWin.Array.data[1].target
      value: 1
      objectReference: {fileID: 0}
    - target: {fileID: 2837548523625294275, guid: 889efcea919467a41a0fa3e4968ef448, type: 3}
      propertyPath: targetToWin.Array.data[2].target
      value: 1
      objectReference: {fileID: 0}
    - target: {fileID: 2837548523625294275, guid: 889efcea919467a41a0fa3e4968ef448, type: 3}
      propertyPath: borderVanishLogic.Array.data[0].targetA
      value: 1
      objectReference: {fileID: 0}
    - target: {fileID: 2837548523625294275, guid: 889efcea919467a41a0fa3e4968ef448, type: 3}
      propertyPath: borderVanishLogic.Array.data[0].targetB
      value: 1
      objectReference: {fileID: 0}
    - target: {fileID: 2837548523625294275, guid: 889efcea919467a41a0fa3e4968ef448, type: 3}
      propertyPath: borderVanishLogic.Array.data[1].targetA
      value: 1
      objectReference: {fileID: 0}
    - target: {fileID: 2837548523625294275, guid: 889efcea919467a41a0fa3e4968ef448, type: 3}
      propertyPath: borderVanishLogic.Array.data[1].targetB
      value: 1
      objectReference: {fileID: 0}
    - target: {fileID: 2837548523625294275, guid: 889efcea919467a41a0fa3e4968ef448, type: 3}
      propertyPath: borderVanishLogic.Array.data[2].targetA
      value: 1
      objectReference: {fileID: 0}
    - target: {fileID: 2837548523625294275, guid: 889efcea919467a41a0fa3e4968ef448, type: 3}
      propertyPath: borderVanishLogic.Array.data[2].targetB
      value: 1
      objectReference: {fileID: 0}
    - target: {fileID: 2837548523625294275, guid: 889efcea919467a41a0fa3e4968ef448, type: 3}
      propertyPath: buttonVanishLogic.Array.data[0].targetA
      value: 1
      objectReference: {fileID: 0}
    - target: {fileID: 2837548523625294275, guid: 889efcea919467a41a0fa3e4968ef448, type: 3}
      propertyPath: buttonVanishLogic.Array.data[0].targetB
      value: 1
      objectReference: {fileID: 0}
    - target: {fileID: 2837548523625294275, guid: 889efcea919467a41a0fa3e4968ef448, type: 3}
      propertyPath: buttonVanishLogic.Array.data[1].targetA
      value: 1
      objectReference: {fileID: 0}
    - target: {fileID: 2837548523625294275, guid: 889efcea919467a41a0fa3e4968ef448, type: 3}
      propertyPath: buttonVanishLogic.Array.data[1].targetB
      value: 1
      objectReference: {fileID: 0}
    - target: {fileID: 2837548523625294275, guid: 889efcea919467a41a0fa3e4968ef448, type: 3}
      propertyPath: targetToWin.Array.data[0].imageManipulator
      value: 
      objectReference: {fileID: 1858787878}
    - target: {fileID: 2837548523625294275, guid: 889efcea919467a41a0fa3e4968ef448, type: 3}
      propertyPath: targetToWin.Array.data[1].imageManipulator
      value: 
      objectReference: {fileID: 1760528770}
    - target: {fileID: 2837548523625294275, guid: 889efcea919467a41a0fa3e4968ef448, type: 3}
      propertyPath: targetToWin.Array.data[2].imageManipulator
      value: 
      objectReference: {fileID: 1675553969}
    - target: {fileID: 2837548523625294275, guid: 889efcea919467a41a0fa3e4968ef448, type: 3}
      propertyPath: borderVanishLogic.Array.data[0].imageManipulatorA
      value: 
      objectReference: {fileID: 1858787878}
    - target: {fileID: 2837548523625294275, guid: 889efcea919467a41a0fa3e4968ef448, type: 3}
      propertyPath: borderVanishLogic.Array.data[0].imageManipulatorB
      value: 
      objectReference: {fileID: 1760528770}
    - target: {fileID: 2837548523625294275, guid: 889efcea919467a41a0fa3e4968ef448, type: 3}
      propertyPath: borderVanishLogic.Array.data[1].imageManipulatorA
      value: 
      objectReference: {fileID: 1858787878}
    - target: {fileID: 2837548523625294275, guid: 889efcea919467a41a0fa3e4968ef448, type: 3}
      propertyPath: borderVanishLogic.Array.data[1].imageManipulatorB
      value: 
      objectReference: {fileID: 1675553969}
    - target: {fileID: 2837548523625294275, guid: 889efcea919467a41a0fa3e4968ef448, type: 3}
      propertyPath: borderVanishLogic.Array.data[2].imageManipulatorA
      value: 
      objectReference: {fileID: 1760528770}
    - target: {fileID: 2837548523625294275, guid: 889efcea919467a41a0fa3e4968ef448, type: 3}
      propertyPath: borderVanishLogic.Array.data[2].imageManipulatorB
      value: 
      objectReference: {fileID: 1675553969}
    - target: {fileID: 2837548523625294275, guid: 889efcea919467a41a0fa3e4968ef448, type: 3}
      propertyPath: buttonVanishLogic.Array.data[0].imageManipulatorA
      value: 
      objectReference: {fileID: 1858787878}
    - target: {fileID: 2837548523625294275, guid: 889efcea919467a41a0fa3e4968ef448, type: 3}
      propertyPath: buttonVanishLogic.Array.data[0].imageManipulatorB
      value: 
      objectReference: {fileID: 1675553969}
    - target: {fileID: 2837548523625294275, guid: 889efcea919467a41a0fa3e4968ef448, type: 3}
      propertyPath: buttonVanishLogic.Array.data[1].imageManipulatorA
      value: 
      objectReference: {fileID: 1760528770}
    - target: {fileID: 2837548523625294275, guid: 889efcea919467a41a0fa3e4968ef448, type: 3}
      propertyPath: buttonVanishLogic.Array.data[1].imageManipulatorB
      value: 
      objectReference: {fileID: 1675553969}
    - target: {fileID: 2837548523625294275, guid: 889efcea919467a41a0fa3e4968ef448, type: 3}
      propertyPath: borderVanishLogic.Array.data[0].bordersToHide.Array.size
      value: 2
      objectReference: {fileID: 0}
    - target: {fileID: 2837548523625294275, guid: 889efcea919467a41a0fa3e4968ef448, type: 3}
      propertyPath: borderVanishLogic.Array.data[1].bordersToHide.Array.size
      value: 1
      objectReference: {fileID: 0}
    - target: {fileID: 2837548523625294275, guid: 889efcea919467a41a0fa3e4968ef448, type: 3}
      propertyPath: borderVanishLogic.Array.data[2].bordersToHide.Array.size
      value: 1
      objectReference: {fileID: 0}
    - target: {fileID: 2837548523625294275, guid: 889efcea919467a41a0fa3e4968ef448, type: 3}
      propertyPath: buttonVanishLogic.Array.data[0].buttonsToHide.Array.size
      value: 2
      objectReference: {fileID: 0}
    - target: {fileID: 2837548523625294275, guid: 889efcea919467a41a0fa3e4968ef448, type: 3}
      propertyPath: buttonVanishLogic.Array.data[1].buttonsToHide.Array.size
      value: 1
      objectReference: {fileID: 0}
    - target: {fileID: 2837548523625294275, guid: 889efcea919467a41a0fa3e4968ef448, type: 3}
      propertyPath: borderVanishLogic.Array.data[0].bordersToHide.Array.data[0]
      value: 
      objectReference: {fileID: 438154848}
    - target: {fileID: 2837548523625294275, guid: 889efcea919467a41a0fa3e4968ef448, type: 3}
      propertyPath: borderVanishLogic.Array.data[0].bordersToHide.Array.data[1]
      value: 
      objectReference: {fileID: 755216280}
    - target: {fileID: 2837548523625294275, guid: 889efcea919467a41a0fa3e4968ef448, type: 3}
      propertyPath: borderVanishLogic.Array.data[1].bordersToHide.Array.data[0]
      value: 
      objectReference: {fileID: 931699667}
    - target: {fileID: 2837548523625294275, guid: 889efcea919467a41a0fa3e4968ef448, type: 3}
      propertyPath: borderVanishLogic.Array.data[1].bordersToHide.Array.data[1]
      value: 
      objectReference: {fileID: 1858787876}
    - target: {fileID: 2837548523625294275, guid: 889efcea919467a41a0fa3e4968ef448, type: 3}
      propertyPath: borderVanishLogic.Array.data[2].bordersToHide.Array.data[0]
      value: 
      objectReference: {fileID: 1032034503}
    - target: {fileID: 2837548523625294275, guid: 889efcea919467a41a0fa3e4968ef448, type: 3}
      propertyPath: buttonVanishLogic.Array.data[0].buttonsToHide.Array.data[0]
      value: 
      objectReference: {fileID: 1858787877}
    - target: {fileID: 2837548523625294275, guid: 889efcea919467a41a0fa3e4968ef448, type: 3}
      propertyPath: buttonVanishLogic.Array.data[0].buttonsToHide.Array.data[1]
      value: 
      objectReference: {fileID: 1858787876}
    - target: {fileID: 2837548523625294275, guid: 889efcea919467a41a0fa3e4968ef448, type: 3}
      propertyPath: buttonVanishLogic.Array.data[1].buttonsToHide.Array.data[0]
      value: 
      objectReference: {fileID: 1760528769}
    - target: {fileID: 2837548523625294275, guid: 889efcea919467a41a0fa3e4968ef448, type: 3}
      propertyPath: buttonVanishLogic.Array.data[1].buttonsToHide.Array.data[1]
      value: 
      objectReference: {fileID: 1760528769}
    - target: {fileID: 2837548523625294275, guid: 889efcea919467a41a0fa3e4968ef448, type: 3}
      propertyPath: buttonVanishLogic.Array.data[1].buttonsToHide.Array.data[2]
      value: 
      objectReference: {fileID: 1760528769}
    m_RemovedComponents: []
  m_SourcePrefab: {fileID: 100100000, guid: 889efcea919467a41a0fa3e4968ef448, type: 3}
--- !u!1001 &755216278
PrefabInstance:
  m_ObjectHideFlags: 0
  serializedVersion: 2
  m_Modification:
    m_TransformParent: {fileID: 1793225960}
    m_Modifications:
    - target: {fileID: 6148824418048397998, guid: a002cd83505a72e4f94db8c91fadde38, type: 3}
      propertyPath: m_Name
      value: borders_single
      objectReference: {fileID: 0}
    - target: {fileID: 6148824418048397998, guid: a002cd83505a72e4f94db8c91fadde38, type: 3}
      propertyPath: m_IsActive
      value: 1
      objectReference: {fileID: 0}
    - target: {fileID: 7691772975449536405, guid: a002cd83505a72e4f94db8c91fadde38, type: 3}
      propertyPath: m_Pivot.x
      value: 0.5
      objectReference: {fileID: 0}
    - target: {fileID: 7691772975449536405, guid: a002cd83505a72e4f94db8c91fadde38, type: 3}
      propertyPath: m_Pivot.y
      value: 0.5
      objectReference: {fileID: 0}
    - target: {fileID: 7691772975449536405, guid: a002cd83505a72e4f94db8c91fadde38, type: 3}
      propertyPath: m_RootOrder
      value: 2
      objectReference: {fileID: 0}
    - target: {fileID: 7691772975449536405, guid: a002cd83505a72e4f94db8c91fadde38, type: 3}
      propertyPath: m_AnchorMax.x
      value: 0.5
      objectReference: {fileID: 0}
    - target: {fileID: 7691772975449536405, guid: a002cd83505a72e4f94db8c91fadde38, type: 3}
      propertyPath: m_AnchorMax.y
      value: 0.5
      objectReference: {fileID: 0}
    - target: {fileID: 7691772975449536405, guid: a002cd83505a72e4f94db8c91fadde38, type: 3}
      propertyPath: m_AnchorMin.x
      value: 0.5
      objectReference: {fileID: 0}
    - target: {fileID: 7691772975449536405, guid: a002cd83505a72e4f94db8c91fadde38, type: 3}
      propertyPath: m_AnchorMin.y
      value: 0.5
      objectReference: {fileID: 0}
    - target: {fileID: 7691772975449536405, guid: a002cd83505a72e4f94db8c91fadde38, type: 3}
      propertyPath: m_SizeDelta.x
      value: 100
      objectReference: {fileID: 0}
    - target: {fileID: 7691772975449536405, guid: a002cd83505a72e4f94db8c91fadde38, type: 3}
      propertyPath: m_SizeDelta.y
      value: 100
      objectReference: {fileID: 0}
    - target: {fileID: 7691772975449536405, guid: a002cd83505a72e4f94db8c91fadde38, type: 3}
      propertyPath: m_LocalPosition.x
      value: 0
      objectReference: {fileID: 0}
    - target: {fileID: 7691772975449536405, guid: a002cd83505a72e4f94db8c91fadde38, type: 3}
      propertyPath: m_LocalPosition.y
      value: 0
      objectReference: {fileID: 0}
    - target: {fileID: 7691772975449536405, guid: a002cd83505a72e4f94db8c91fadde38, type: 3}
      propertyPath: m_LocalPosition.z
      value: 0
      objectReference: {fileID: 0}
    - target: {fileID: 7691772975449536405, guid: a002cd83505a72e4f94db8c91fadde38, type: 3}
      propertyPath: m_LocalRotation.w
      value: 1
      objectReference: {fileID: 0}
    - target: {fileID: 7691772975449536405, guid: a002cd83505a72e4f94db8c91fadde38, type: 3}
      propertyPath: m_LocalRotation.x
      value: 0
      objectReference: {fileID: 0}
    - target: {fileID: 7691772975449536405, guid: a002cd83505a72e4f94db8c91fadde38, type: 3}
      propertyPath: m_LocalRotation.y
      value: 0
      objectReference: {fileID: 0}
    - target: {fileID: 7691772975449536405, guid: a002cd83505a72e4f94db8c91fadde38, type: 3}
      propertyPath: m_LocalRotation.z
      value: 0
      objectReference: {fileID: 0}
    - target: {fileID: 7691772975449536405, guid: a002cd83505a72e4f94db8c91fadde38, type: 3}
      propertyPath: m_AnchoredPosition.x
      value: 0
      objectReference: {fileID: 0}
    - target: {fileID: 7691772975449536405, guid: a002cd83505a72e4f94db8c91fadde38, type: 3}
      propertyPath: m_AnchoredPosition.y
      value: 0
      objectReference: {fileID: 0}
    - target: {fileID: 7691772975449536405, guid: a002cd83505a72e4f94db8c91fadde38, type: 3}
      propertyPath: m_LocalEulerAnglesHint.x
      value: 0
      objectReference: {fileID: 0}
    - target: {fileID: 7691772975449536405, guid: a002cd83505a72e4f94db8c91fadde38, type: 3}
      propertyPath: m_LocalEulerAnglesHint.y
      value: 0
      objectReference: {fileID: 0}
    - target: {fileID: 7691772975449536405, guid: a002cd83505a72e4f94db8c91fadde38, type: 3}
      propertyPath: m_LocalEulerAnglesHint.z
      value: 0
      objectReference: {fileID: 0}
    m_RemovedComponents: []
  m_SourcePrefab: {fileID: 100100000, guid: a002cd83505a72e4f94db8c91fadde38, type: 3}
--- !u!224 &755216279 stripped
RectTransform:
  m_CorrespondingSourceObject: {fileID: 7691772975449536405, guid: a002cd83505a72e4f94db8c91fadde38, type: 3}
  m_PrefabInstance: {fileID: 755216278}
  m_PrefabAsset: {fileID: 0}
--- !u!1 &755216280 stripped
GameObject:
  m_CorrespondingSourceObject: {fileID: 7194839936118271526, guid: a002cd83505a72e4f94db8c91fadde38, type: 3}
  m_PrefabInstance: {fileID: 755216278}
  m_PrefabAsset: {fileID: 0}
--- !u!1 &757382034
GameObject:
  m_ObjectHideFlags: 0
  m_CorrespondingSourceObject: {fileID: 0}
  m_PrefabInstance: {fileID: 0}
  m_PrefabAsset: {fileID: 0}
  serializedVersion: 6
  m_Component:
  - component: {fileID: 757382037}
  - component: {fileID: 757382036}
  - component: {fileID: 757382035}
  m_Layer: 0
  m_Name: EventSystem
  m_TagString: Untagged
  m_Icon: {fileID: 0}
  m_NavMeshLayer: 0
  m_StaticEditorFlags: 0
  m_IsActive: 1
--- !u!114 &757382035
MonoBehaviour:
  m_ObjectHideFlags: 0
  m_CorrespondingSourceObject: {fileID: 0}
  m_PrefabInstance: {fileID: 0}
  m_PrefabAsset: {fileID: 0}
  m_GameObject: {fileID: 757382034}
  m_Enabled: 1
  m_EditorHideFlags: 0
  m_Script: {fileID: 11500000, guid: 4f231c4fb786f3946a6b90b886c48677, type: 3}
  m_Name: 
  m_EditorClassIdentifier: 
  m_HorizontalAxis: Horizontal
  m_VerticalAxis: Vertical
  m_SubmitButton: Submit
  m_CancelButton: Cancel
  m_InputActionsPerSecond: 10
  m_RepeatDelay: 0.5
  m_ForceModuleActive: 0
--- !u!114 &757382036
MonoBehaviour:
  m_ObjectHideFlags: 0
  m_CorrespondingSourceObject: {fileID: 0}
  m_PrefabInstance: {fileID: 0}
  m_PrefabAsset: {fileID: 0}
  m_GameObject: {fileID: 757382034}
  m_Enabled: 1
  m_EditorHideFlags: 0
  m_Script: {fileID: 11500000, guid: 76c392e42b5098c458856cdf6ecaaaa1, type: 3}
  m_Name: 
  m_EditorClassIdentifier: 
  m_FirstSelected: {fileID: 0}
  m_sendNavigationEvents: 1
  m_DragThreshold: 10
--- !u!4 &757382037
Transform:
  m_ObjectHideFlags: 0
  m_CorrespondingSourceObject: {fileID: 0}
  m_PrefabInstance: {fileID: 0}
  m_PrefabAsset: {fileID: 0}
  m_GameObject: {fileID: 757382034}
  m_LocalRotation: {x: 0, y: 0, z: 0, w: 1}
  m_LocalPosition: {x: 0, y: 0, z: 0}
  m_LocalScale: {x: 1, y: 1, z: 1}
  m_Children: []
  m_Father: {fileID: 0}
  m_RootOrder: 2
  m_LocalEulerAnglesHint: {x: 0, y: 0, z: 0}
--- !u!1 &931699667 stripped
GameObject:
  m_CorrespondingSourceObject: {fileID: 4182365994551167523, guid: a002cd83505a72e4f94db8c91fadde38, type: 3}
  m_PrefabInstance: {fileID: 438154846}
  m_PrefabAsset: {fileID: 0}
--- !u!224 &982004043 stripped
RectTransform:
  m_CorrespondingSourceObject: {fileID: 8709182662901730094, guid: 39a4636aa01975845a7e3d4e4f3a6f52, type: 3}
  m_PrefabInstance: {fileID: 1760528767}
  m_PrefabAsset: {fileID: 0}
--- !u!1 &1032034503 stripped
GameObject:
  m_CorrespondingSourceObject: {fileID: 4182365994551167523, guid: a002cd83505a72e4f94db8c91fadde38, type: 3}
  m_PrefabInstance: {fileID: 755216278}
  m_PrefabAsset: {fileID: 0}
--- !u!1 &1654806206
GameObject:
  m_ObjectHideFlags: 0
  m_CorrespondingSourceObject: {fileID: 0}
  m_PrefabInstance: {fileID: 0}
  m_PrefabAsset: {fileID: 0}
  serializedVersion: 6
  m_Component:
  - component: {fileID: 1654806207}
  - component: {fileID: 1654806209}
  - component: {fileID: 1654806208}
  m_Layer: 5
  m_Name: Image
  m_TagString: Untagged
  m_Icon: {fileID: 0}
  m_NavMeshLayer: 0
  m_StaticEditorFlags: 0
  m_IsActive: 1
--- !u!224 &1654806207
RectTransform:
  m_ObjectHideFlags: 0
  m_CorrespondingSourceObject: {fileID: 0}
  m_PrefabInstance: {fileID: 0}
  m_PrefabAsset: {fileID: 0}
  m_GameObject: {fileID: 1654806206}
  m_LocalRotation: {x: -0, y: -0, z: -0, w: 1}
  m_LocalPosition: {x: 0, y: 0, z: 0}
  m_LocalScale: {x: 6, y: 6, z: 1}
  m_Children:
  - {fileID: 375865879}
  m_Father: {fileID: 2094403546}
  m_RootOrder: 0
  m_LocalEulerAnglesHint: {x: 0, y: 0, z: 0}
  m_AnchorMin: {x: 0.5, y: 0.5}
  m_AnchorMax: {x: 0.5, y: 0.5}
  m_AnchoredPosition: {x: 0, y: 0}
  m_SizeDelta: {x: 100, y: 100}
  m_Pivot: {x: 0.5, y: 0.5}
--- !u!114 &1654806208
MonoBehaviour:
  m_ObjectHideFlags: 0
  m_CorrespondingSourceObject: {fileID: 0}
  m_PrefabInstance: {fileID: 0}
  m_PrefabAsset: {fileID: 0}
  m_GameObject: {fileID: 1654806206}
  m_Enabled: 1
  m_EditorHideFlags: 0
  m_Script: {fileID: 11500000, guid: fe87c0e1cc204ed48ad3b37840f39efc, type: 3}
  m_Name: 
  m_EditorClassIdentifier: 
  m_Material: {fileID: 0}
  m_Color: {r: 1, g: 1, b: 1, a: 1}
  m_RaycastTarget: 1
  m_RaycastPadding: {x: 0, y: 0, z: 0, w: 0}
  m_Maskable: 1
  m_OnCullStateChanged:
    m_PersistentCalls:
      m_Calls: []
  m_Sprite: {fileID: 21300000, guid: a89d7de241e4e064badc3f53c42daa3b, type: 3}
  m_Type: 0
  m_PreserveAspect: 0
  m_FillCenter: 1
  m_FillMethod: 0
  m_FillAmount: 1
  m_FillClockwise: 1
  m_FillOrigin: 0
  m_UseSpriteMesh: 0
  m_PixelsPerUnitMultiplier: 1
--- !u!222 &1654806209
CanvasRenderer:
  m_ObjectHideFlags: 0
  m_CorrespondingSourceObject: {fileID: 0}
  m_PrefabInstance: {fileID: 0}
  m_PrefabAsset: {fileID: 0}
  m_GameObject: {fileID: 1654806206}
  m_CullTransparentMesh: 1
--- !u!1001 &1675553965
PrefabInstance:
  m_ObjectHideFlags: 0
  serializedVersion: 2
  m_Modification:
    m_TransformParent: {fileID: 255838574}
    m_Modifications:
    - target: {fileID: 8709182662746213672, guid: 39a4636aa01975845a7e3d4e4f3a6f52, type: 3}
      propertyPath: m_SizeDelta.x
      value: 574.6868
      objectReference: {fileID: 0}
    - target: {fileID: 8709182662746213672, guid: 39a4636aa01975845a7e3d4e4f3a6f52, type: 3}
      propertyPath: m_SizeDelta.y
      value: 574.6868
      objectReference: {fileID: 0}
    - target: {fileID: 8709182662746213672, guid: 39a4636aa01975845a7e3d4e4f3a6f52, type: 3}
      propertyPath: m_AnchoredPosition.x
      value: -300
      objectReference: {fileID: 0}
    - target: {fileID: 8709182662746213672, guid: 39a4636aa01975845a7e3d4e4f3a6f52, type: 3}
      propertyPath: m_AnchoredPosition.y
      value: 5.999981
      objectReference: {fileID: 0}
    - target: {fileID: 8709182662901730093, guid: 39a4636aa01975845a7e3d4e4f3a6f52, type: 3}
      propertyPath: m_Name
      value: ImageManipulator
      objectReference: {fileID: 0}
    - target: {fileID: 8709182662901730094, guid: 39a4636aa01975845a7e3d4e4f3a6f52, type: 3}
      propertyPath: m_Pivot.x
      value: 0.5
      objectReference: {fileID: 0}
    - target: {fileID: 8709182662901730094, guid: 39a4636aa01975845a7e3d4e4f3a6f52, type: 3}
      propertyPath: m_Pivot.y
      value: 0.5
      objectReference: {fileID: 0}
    - target: {fileID: 8709182662901730094, guid: 39a4636aa01975845a7e3d4e4f3a6f52, type: 3}
      propertyPath: m_RootOrder
      value: 1
      objectReference: {fileID: 0}
    - target: {fileID: 8709182662901730094, guid: 39a4636aa01975845a7e3d4e4f3a6f52, type: 3}
      propertyPath: m_AnchorMax.x
      value: 0.5
      objectReference: {fileID: 0}
    - target: {fileID: 8709182662901730094, guid: 39a4636aa01975845a7e3d4e4f3a6f52, type: 3}
      propertyPath: m_AnchorMax.y
      value: 0.5
      objectReference: {fileID: 0}
    - target: {fileID: 8709182662901730094, guid: 39a4636aa01975845a7e3d4e4f3a6f52, type: 3}
      propertyPath: m_AnchorMin.x
      value: 0.5
      objectReference: {fileID: 0}
    - target: {fileID: 8709182662901730094, guid: 39a4636aa01975845a7e3d4e4f3a6f52, type: 3}
      propertyPath: m_AnchorMin.y
      value: 0.5
      objectReference: {fileID: 0}
    - target: {fileID: 8709182662901730094, guid: 39a4636aa01975845a7e3d4e4f3a6f52, type: 3}
      propertyPath: m_SizeDelta.x
      value: 100
      objectReference: {fileID: 0}
    - target: {fileID: 8709182662901730094, guid: 39a4636aa01975845a7e3d4e4f3a6f52, type: 3}
      propertyPath: m_SizeDelta.y
      value: 100
      objectReference: {fileID: 0}
    - target: {fileID: 8709182662901730094, guid: 39a4636aa01975845a7e3d4e4f3a6f52, type: 3}
      propertyPath: m_LocalPosition.x
      value: 0
      objectReference: {fileID: 0}
    - target: {fileID: 8709182662901730094, guid: 39a4636aa01975845a7e3d4e4f3a6f52, type: 3}
      propertyPath: m_LocalPosition.y
      value: 0
      objectReference: {fileID: 0}
    - target: {fileID: 8709182662901730094, guid: 39a4636aa01975845a7e3d4e4f3a6f52, type: 3}
      propertyPath: m_LocalPosition.z
      value: 0
      objectReference: {fileID: 0}
    - target: {fileID: 8709182662901730094, guid: 39a4636aa01975845a7e3d4e4f3a6f52, type: 3}
      propertyPath: m_LocalRotation.w
      value: 1
      objectReference: {fileID: 0}
    - target: {fileID: 8709182662901730094, guid: 39a4636aa01975845a7e3d4e4f3a6f52, type: 3}
      propertyPath: m_LocalRotation.x
      value: 0
      objectReference: {fileID: 0}
    - target: {fileID: 8709182662901730094, guid: 39a4636aa01975845a7e3d4e4f3a6f52, type: 3}
      propertyPath: m_LocalRotation.y
      value: 0
      objectReference: {fileID: 0}
    - target: {fileID: 8709182662901730094, guid: 39a4636aa01975845a7e3d4e4f3a6f52, type: 3}
      propertyPath: m_LocalRotation.z
      value: 0
      objectReference: {fileID: 0}
    - target: {fileID: 8709182662901730094, guid: 39a4636aa01975845a7e3d4e4f3a6f52, type: 3}
      propertyPath: m_AnchoredPosition.x
      value: 0
      objectReference: {fileID: 0}
    - target: {fileID: 8709182662901730094, guid: 39a4636aa01975845a7e3d4e4f3a6f52, type: 3}
      propertyPath: m_AnchoredPosition.y
      value: 0
      objectReference: {fileID: 0}
    - target: {fileID: 8709182662901730094, guid: 39a4636aa01975845a7e3d4e4f3a6f52, type: 3}
      propertyPath: m_LocalEulerAnglesHint.x
      value: 0
      objectReference: {fileID: 0}
    - target: {fileID: 8709182662901730094, guid: 39a4636aa01975845a7e3d4e4f3a6f52, type: 3}
      propertyPath: m_LocalEulerAnglesHint.y
      value: 0
      objectReference: {fileID: 0}
    - target: {fileID: 8709182662901730094, guid: 39a4636aa01975845a7e3d4e4f3a6f52, type: 3}
      propertyPath: m_LocalEulerAnglesHint.z
      value: 0
      objectReference: {fileID: 0}
    - target: {fileID: 8709182662901730095, guid: 39a4636aa01975845a7e3d4e4f3a6f52, type: 3}
      propertyPath: source
      value: 
      objectReference: {fileID: 1985989842}
    - target: {fileID: 8709182662901730095, guid: 39a4636aa01975845a7e3d4e4f3a6f52, type: 3}
      propertyPath: currentTarget
      value: 1
      objectReference: {fileID: 0}
    - target: {fileID: 8709182663405842331, guid: 39a4636aa01975845a7e3d4e4f3a6f52, type: 3}
      propertyPath: m_SizeDelta.x
      value: 574.6868
      objectReference: {fileID: 0}
    - target: {fileID: 8709182663405842331, guid: 39a4636aa01975845a7e3d4e4f3a6f52, type: 3}
      propertyPath: m_SizeDelta.y
      value: 574.6868
      objectReference: {fileID: 0}
    - target: {fileID: 8709182663405842331, guid: 39a4636aa01975845a7e3d4e4f3a6f52, type: 3}
      propertyPath: m_LocalScale.x
      value: 32.1396
      objectReference: {fileID: 0}
    - target: {fileID: 8709182663405842331, guid: 39a4636aa01975845a7e3d4e4f3a6f52, type: 3}
      propertyPath: m_LocalScale.y
      value: 32.1396
      objectReference: {fileID: 0}
    - target: {fileID: 8709182663405842331, guid: 39a4636aa01975845a7e3d4e4f3a6f52, type: 3}
      propertyPath: m_LocalScale.z
      value: 2.6783
      objectReference: {fileID: 0}
    - target: {fileID: 8709182663405842331, guid: 39a4636aa01975845a7e3d4e4f3a6f52, type: 3}
      propertyPath: m_AnchoredPosition.x
      value: 298.72998
      objectReference: {fileID: 0}
    - target: {fileID: 8709182663405842331, guid: 39a4636aa01975845a7e3d4e4f3a6f52, type: 3}
      propertyPath: m_AnchoredPosition.y
      value: 5.999981
      objectReference: {fileID: 0}
    - target: {fileID: 8709182663840998968, guid: 39a4636aa01975845a7e3d4e4f3a6f52, type: 3}
      propertyPath: m_Sprite
      value: 
      objectReference: {fileID: 21300000, guid: b4fa3f45a4bfd1245880c07b5fa4ff8b, type: 3}
    - target: {fileID: 8709182663840999109, guid: 39a4636aa01975845a7e3d4e4f3a6f52, type: 3}
      propertyPath: m_IsActive
      value: 0
      objectReference: {fileID: 0}
    - target: {fileID: 8709182663840999110, guid: 39a4636aa01975845a7e3d4e4f3a6f52, type: 3}
      propertyPath: m_LocalRotation.w
      value: 0.99999964
      objectReference: {fileID: 0}
    - target: {fileID: 8709182663840999110, guid: 39a4636aa01975845a7e3d4e4f3a6f52, type: 3}
      propertyPath: m_LocalRotation.z
      value: -0.0008878558
      objectReference: {fileID: 0}
    - target: {fileID: 8709182663840999110, guid: 39a4636aa01975845a7e3d4e4f3a6f52, type: 3}
      propertyPath: m_AnchoredPosition.x
      value: -148
      objectReference: {fileID: 0}
    - target: {fileID: 8709182663840999110, guid: 39a4636aa01975845a7e3d4e4f3a6f52, type: 3}
      propertyPath: m_AnchoredPosition.y
      value: -13
      objectReference: {fileID: 0}
    - target: {fileID: 8709182663840999110, guid: 39a4636aa01975845a7e3d4e4f3a6f52, type: 3}
      propertyPath: m_LocalEulerAnglesHint.z
      value: -0.102
      objectReference: {fileID: 0}
    - target: {fileID: 8709182663956878537, guid: 39a4636aa01975845a7e3d4e4f3a6f52, type: 3}
      propertyPath: m_IsActive
      value: 0
      objectReference: {fileID: 0}
    - target: {fileID: 8709182663956878538, guid: 39a4636aa01975845a7e3d4e4f3a6f52, type: 3}
      propertyPath: m_AnchoredPosition.x
      value: -148
      objectReference: {fileID: 0}
    - target: {fileID: 8709182663956878538, guid: 39a4636aa01975845a7e3d4e4f3a6f52, type: 3}
      propertyPath: m_AnchoredPosition.y
      value: -13
      objectReference: {fileID: 0}
    - target: {fileID: 8709182663956878540, guid: 39a4636aa01975845a7e3d4e4f3a6f52, type: 3}
      propertyPath: m_Sprite
      value: 
      objectReference: {fileID: 21300000, guid: f8656e8a5836aa944b4fb83c666a43cc, type: 3}
    m_RemovedComponents: []
  m_SourcePrefab: {fileID: 100100000, guid: 39a4636aa01975845a7e3d4e4f3a6f52, type: 3}
--- !u!224 &1675553966 stripped
RectTransform:
  m_CorrespondingSourceObject: {fileID: 8709182662901730094, guid: 39a4636aa01975845a7e3d4e4f3a6f52, type: 3}
  m_PrefabInstance: {fileID: 1675553965}
  m_PrefabAsset: {fileID: 0}
--- !u!1 &1675553967 stripped
GameObject:
  m_CorrespondingSourceObject: {fileID: 8709182663840999109, guid: 39a4636aa01975845a7e3d4e4f3a6f52, type: 3}
  m_PrefabInstance: {fileID: 1675553965}
  m_PrefabAsset: {fileID: 0}
--- !u!1 &1675553968 stripped
GameObject:
  m_CorrespondingSourceObject: {fileID: 8709182663956878537, guid: 39a4636aa01975845a7e3d4e4f3a6f52, type: 3}
  m_PrefabInstance: {fileID: 1675553965}
  m_PrefabAsset: {fileID: 0}
--- !u!114 &1675553969 stripped
MonoBehaviour:
  m_CorrespondingSourceObject: {fileID: 8709182662901730095, guid: 39a4636aa01975845a7e3d4e4f3a6f52, type: 3}
  m_PrefabInstance: {fileID: 1675553965}
  m_PrefabAsset: {fileID: 0}
  m_GameObject: {fileID: 0}
  m_Enabled: 1
  m_EditorHideFlags: 0
  m_Script: {fileID: 11500000, guid: 7eb0999a428459f48bb7256ae30aa3b0, type: 3}
  m_Name: 
  m_EditorClassIdentifier: 
--- !u!1 &1739445673
GameObject:
  m_ObjectHideFlags: 0
  m_CorrespondingSourceObject: {fileID: 0}
  m_PrefabInstance: {fileID: 0}
  m_PrefabAsset: {fileID: 0}
  serializedVersion: 6
  m_Component:
  - component: {fileID: 1739445674}
  - component: {fileID: 1739445676}
  - component: {fileID: 1739445675}
  m_Layer: 5
  m_Name: Image (1)
  m_TagString: Untagged
  m_Icon: {fileID: 0}
  m_NavMeshLayer: 0
  m_StaticEditorFlags: 0
  m_IsActive: 1
--- !u!224 &1739445674
RectTransform:
  m_ObjectHideFlags: 0
  m_CorrespondingSourceObject: {fileID: 0}
  m_PrefabInstance: {fileID: 0}
  m_PrefabAsset: {fileID: 0}
  m_GameObject: {fileID: 1739445673}
  m_LocalRotation: {x: -0, y: -0, z: -0, w: 1}
  m_LocalPosition: {x: 0, y: 0, z: 0}
  m_LocalScale: {x: 2, y: 2, z: 1}
  m_Children: []
  m_Father: {fileID: 375865879}
  m_RootOrder: 0
  m_LocalEulerAnglesHint: {x: 0, y: 0, z: 0}
  m_AnchorMin: {x: 0, y: 1}
  m_AnchorMax: {x: 0, y: 1}
  m_AnchoredPosition: {x: 100, y: -100}
  m_SizeDelta: {x: 100, y: 100}
  m_Pivot: {x: 0.5, y: 0.5}
--- !u!114 &1739445675
MonoBehaviour:
  m_ObjectHideFlags: 0
  m_CorrespondingSourceObject: {fileID: 0}
  m_PrefabInstance: {fileID: 0}
  m_PrefabAsset: {fileID: 0}
  m_GameObject: {fileID: 1739445673}
  m_Enabled: 1
  m_EditorHideFlags: 0
  m_Script: {fileID: 11500000, guid: fe87c0e1cc204ed48ad3b37840f39efc, type: 3}
  m_Name: 
  m_EditorClassIdentifier: 
  m_Material: {fileID: 0}
  m_Color: {r: 1, g: 1, b: 1, a: 1}
  m_RaycastTarget: 1
  m_RaycastPadding: {x: 0, y: 0, z: 0, w: 0}
  m_Maskable: 1
  m_OnCullStateChanged:
    m_PersistentCalls:
      m_Calls: []
  m_Sprite: {fileID: 21300000, guid: 6b9198644063f764791ce5531efaff66, type: 3}
  m_Type: 0
  m_PreserveAspect: 0
  m_FillCenter: 1
  m_FillMethod: 0
  m_FillAmount: 1
  m_FillClockwise: 1
  m_FillOrigin: 0
  m_UseSpriteMesh: 0
  m_PixelsPerUnitMultiplier: 1
--- !u!222 &1739445676
CanvasRenderer:
  m_ObjectHideFlags: 0
  m_CorrespondingSourceObject: {fileID: 0}
  m_PrefabInstance: {fileID: 0}
  m_PrefabAsset: {fileID: 0}
  m_GameObject: {fileID: 1739445673}
  m_CullTransparentMesh: 1
--- !u!1001 &1760528767
PrefabInstance:
  m_ObjectHideFlags: 0
  serializedVersion: 2
  m_Modification:
    m_TransformParent: {fileID: 1793225960}
    m_Modifications:
    - target: {fileID: 8709182662746213672, guid: 39a4636aa01975845a7e3d4e4f3a6f52, type: 3}
      propertyPath: m_SizeDelta.x
      value: 575.9216
      objectReference: {fileID: 0}
    - target: {fileID: 8709182662746213672, guid: 39a4636aa01975845a7e3d4e4f3a6f52, type: 3}
      propertyPath: m_SizeDelta.y
      value: 575.9216
      objectReference: {fileID: 0}
    - target: {fileID: 8709182662746213672, guid: 39a4636aa01975845a7e3d4e4f3a6f52, type: 3}
      propertyPath: m_LocalRotation.x
      value: 0
      objectReference: {fileID: 0}
    - target: {fileID: 8709182662746213672, guid: 39a4636aa01975845a7e3d4e4f3a6f52, type: 3}
      propertyPath: m_LocalRotation.y
      value: 0
      objectReference: {fileID: 0}
    - target: {fileID: 8709182662746213672, guid: 39a4636aa01975845a7e3d4e4f3a6f52, type: 3}
      propertyPath: m_LocalRotation.z
      value: 0
      objectReference: {fileID: 0}
    - target: {fileID: 8709182662746213672, guid: 39a4636aa01975845a7e3d4e4f3a6f52, type: 3}
      propertyPath: m_AnchoredPosition.x
      value: 300
      objectReference: {fileID: 0}
    - target: {fileID: 8709182662746213672, guid: 39a4636aa01975845a7e3d4e4f3a6f52, type: 3}
      propertyPath: m_AnchoredPosition.y
      value: 304.7
      objectReference: {fileID: 0}
    - target: {fileID: 8709182662901730093, guid: 39a4636aa01975845a7e3d4e4f3a6f52, type: 3}
      propertyPath: m_Name
      value: ImageManipulator
      objectReference: {fileID: 0}
    - target: {fileID: 8709182662901730094, guid: 39a4636aa01975845a7e3d4e4f3a6f52, type: 3}
      propertyPath: m_Pivot.x
      value: 0.5
      objectReference: {fileID: 0}
    - target: {fileID: 8709182662901730094, guid: 39a4636aa01975845a7e3d4e4f3a6f52, type: 3}
      propertyPath: m_Pivot.y
      value: 0.5
      objectReference: {fileID: 0}
    - target: {fileID: 8709182662901730094, guid: 39a4636aa01975845a7e3d4e4f3a6f52, type: 3}
      propertyPath: m_RootOrder
      value: 1
      objectReference: {fileID: 0}
    - target: {fileID: 8709182662901730094, guid: 39a4636aa01975845a7e3d4e4f3a6f52, type: 3}
      propertyPath: m_AnchorMax.x
      value: 0.5
      objectReference: {fileID: 0}
    - target: {fileID: 8709182662901730094, guid: 39a4636aa01975845a7e3d4e4f3a6f52, type: 3}
      propertyPath: m_AnchorMax.y
      value: 0.5
      objectReference: {fileID: 0}
    - target: {fileID: 8709182662901730094, guid: 39a4636aa01975845a7e3d4e4f3a6f52, type: 3}
      propertyPath: m_AnchorMin.x
      value: 0.5
      objectReference: {fileID: 0}
    - target: {fileID: 8709182662901730094, guid: 39a4636aa01975845a7e3d4e4f3a6f52, type: 3}
      propertyPath: m_AnchorMin.y
      value: 0.5
      objectReference: {fileID: 0}
    - target: {fileID: 8709182662901730094, guid: 39a4636aa01975845a7e3d4e4f3a6f52, type: 3}
      propertyPath: m_SizeDelta.x
      value: 100
      objectReference: {fileID: 0}
    - target: {fileID: 8709182662901730094, guid: 39a4636aa01975845a7e3d4e4f3a6f52, type: 3}
      propertyPath: m_SizeDelta.y
      value: 100
      objectReference: {fileID: 0}
    - target: {fileID: 8709182662901730094, guid: 39a4636aa01975845a7e3d4e4f3a6f52, type: 3}
      propertyPath: m_LocalPosition.x
      value: 0
      objectReference: {fileID: 0}
    - target: {fileID: 8709182662901730094, guid: 39a4636aa01975845a7e3d4e4f3a6f52, type: 3}
      propertyPath: m_LocalPosition.y
      value: 0
      objectReference: {fileID: 0}
    - target: {fileID: 8709182662901730094, guid: 39a4636aa01975845a7e3d4e4f3a6f52, type: 3}
      propertyPath: m_LocalPosition.z
      value: 0
      objectReference: {fileID: 0}
    - target: {fileID: 8709182662901730094, guid: 39a4636aa01975845a7e3d4e4f3a6f52, type: 3}
      propertyPath: m_LocalRotation.w
      value: 1
      objectReference: {fileID: 0}
    - target: {fileID: 8709182662901730094, guid: 39a4636aa01975845a7e3d4e4f3a6f52, type: 3}
      propertyPath: m_LocalRotation.x
      value: 0
      objectReference: {fileID: 0}
    - target: {fileID: 8709182662901730094, guid: 39a4636aa01975845a7e3d4e4f3a6f52, type: 3}
      propertyPath: m_LocalRotation.y
      value: 0
      objectReference: {fileID: 0}
    - target: {fileID: 8709182662901730094, guid: 39a4636aa01975845a7e3d4e4f3a6f52, type: 3}
      propertyPath: m_LocalRotation.z
      value: 0
      objectReference: {fileID: 0}
    - target: {fileID: 8709182662901730094, guid: 39a4636aa01975845a7e3d4e4f3a6f52, type: 3}
      propertyPath: m_AnchoredPosition.x
      value: 0
      objectReference: {fileID: 0}
    - target: {fileID: 8709182662901730094, guid: 39a4636aa01975845a7e3d4e4f3a6f52, type: 3}
      propertyPath: m_AnchoredPosition.y
      value: 0
      objectReference: {fileID: 0}
    - target: {fileID: 8709182662901730094, guid: 39a4636aa01975845a7e3d4e4f3a6f52, type: 3}
      propertyPath: m_LocalEulerAnglesHint.x
      value: 0
      objectReference: {fileID: 0}
    - target: {fileID: 8709182662901730094, guid: 39a4636aa01975845a7e3d4e4f3a6f52, type: 3}
      propertyPath: m_LocalEulerAnglesHint.y
      value: 0
      objectReference: {fileID: 0}
    - target: {fileID: 8709182662901730094, guid: 39a4636aa01975845a7e3d4e4f3a6f52, type: 3}
      propertyPath: m_LocalEulerAnglesHint.z
      value: 0
      objectReference: {fileID: 0}
    - target: {fileID: 8709182662901730095, guid: 39a4636aa01975845a7e3d4e4f3a6f52, type: 3}
      propertyPath: source
      value: 
      objectReference: {fileID: 179508410}
    - target: {fileID: 8709182662901730095, guid: 39a4636aa01975845a7e3d4e4f3a6f52, type: 3}
      propertyPath: currentTarget
      value: 0
      objectReference: {fileID: 0}
    - target: {fileID: 8709182663405842331, guid: 39a4636aa01975845a7e3d4e4f3a6f52, type: 3}
      propertyPath: m_SizeDelta.x
      value: 575.9216
      objectReference: {fileID: 0}
    - target: {fileID: 8709182663405842331, guid: 39a4636aa01975845a7e3d4e4f3a6f52, type: 3}
      propertyPath: m_SizeDelta.y
      value: 575.9216
      objectReference: {fileID: 0}
    - target: {fileID: 8709182663405842331, guid: 39a4636aa01975845a7e3d4e4f3a6f52, type: 3}
      propertyPath: m_LocalScale.x
      value: 21.151264
      objectReference: {fileID: 0}
    - target: {fileID: 8709182663405842331, guid: 39a4636aa01975845a7e3d4e4f3a6f52, type: 3}
      propertyPath: m_LocalScale.y
      value: 21.151264
      objectReference: {fileID: 0}
    - target: {fileID: 8709182663405842331, guid: 39a4636aa01975845a7e3d4e4f3a6f52, type: 3}
      propertyPath: m_LocalScale.z
      value: 1.7626054
      objectReference: {fileID: 0}
    - target: {fileID: 8709182663405842331, guid: 39a4636aa01975845a7e3d4e4f3a6f52, type: 3}
      propertyPath: m_LocalRotation.x
      value: 0
      objectReference: {fileID: 0}
    - target: {fileID: 8709182663405842331, guid: 39a4636aa01975845a7e3d4e4f3a6f52, type: 3}
      propertyPath: m_LocalRotation.y
      value: 0
      objectReference: {fileID: 0}
    - target: {fileID: 8709182663405842331, guid: 39a4636aa01975845a7e3d4e4f3a6f52, type: 3}
      propertyPath: m_LocalRotation.z
      value: 0
      objectReference: {fileID: 0}
    - target: {fileID: 8709182663405842331, guid: 39a4636aa01975845a7e3d4e4f3a6f52, type: 3}
      propertyPath: m_AnchoredPosition.x
      value: 700
      objectReference: {fileID: 0}
    - target: {fileID: 8709182663405842331, guid: 39a4636aa01975845a7e3d4e4f3a6f52, type: 3}
      propertyPath: m_AnchoredPosition.y
      value: 675
      objectReference: {fileID: 0}
    - target: {fileID: 8709182663840998968, guid: 39a4636aa01975845a7e3d4e4f3a6f52, type: 3}
      propertyPath: m_Sprite
      value: 
      objectReference: {fileID: 21300000, guid: b4fa3f45a4bfd1245880c07b5fa4ff8b, type: 3}
    - target: {fileID: 8709182663840999109, guid: 39a4636aa01975845a7e3d4e4f3a6f52, type: 3}
      propertyPath: m_IsActive
      value: 1
      objectReference: {fileID: 0}
    - target: {fileID: 8709182663840999110, guid: 39a4636aa01975845a7e3d4e4f3a6f52, type: 3}
      propertyPath: m_LocalRotation.w
      value: 0.99999964
      objectReference: {fileID: 0}
    - target: {fileID: 8709182663840999110, guid: 39a4636aa01975845a7e3d4e4f3a6f52, type: 3}
      propertyPath: m_LocalRotation.z
      value: -0.0008878558
      objectReference: {fileID: 0}
    - target: {fileID: 8709182663840999110, guid: 39a4636aa01975845a7e3d4e4f3a6f52, type: 3}
      propertyPath: m_AnchoredPosition.x
      value: -140
      objectReference: {fileID: 0}
    - target: {fileID: 8709182663840999110, guid: 39a4636aa01975845a7e3d4e4f3a6f52, type: 3}
      propertyPath: m_AnchoredPosition.y
      value: -114
      objectReference: {fileID: 0}
    - target: {fileID: 8709182663840999110, guid: 39a4636aa01975845a7e3d4e4f3a6f52, type: 3}
      propertyPath: m_LocalEulerAnglesHint.z
      value: -0.102
      objectReference: {fileID: 0}
    - target: {fileID: 8709182663956878537, guid: 39a4636aa01975845a7e3d4e4f3a6f52, type: 3}
      propertyPath: m_IsActive
      value: 0
      objectReference: {fileID: 0}
    - target: {fileID: 8709182663956878538, guid: 39a4636aa01975845a7e3d4e4f3a6f52, type: 3}
      propertyPath: m_AnchoredPosition.x
      value: -140
      objectReference: {fileID: 0}
    - target: {fileID: 8709182663956878538, guid: 39a4636aa01975845a7e3d4e4f3a6f52, type: 3}
      propertyPath: m_AnchoredPosition.y
      value: -114
      objectReference: {fileID: 0}
    - target: {fileID: 8709182663956878540, guid: 39a4636aa01975845a7e3d4e4f3a6f52, type: 3}
      propertyPath: m_Sprite
      value: 
      objectReference: {fileID: 21300000, guid: f8656e8a5836aa944b4fb83c666a43cc, type: 3}
    m_RemovedComponents: []
  m_SourcePrefab: {fileID: 100100000, guid: 39a4636aa01975845a7e3d4e4f3a6f52, type: 3}
--- !u!1 &1760528768 stripped
GameObject:
  m_CorrespondingSourceObject: {fileID: 8709182663840999109, guid: 39a4636aa01975845a7e3d4e4f3a6f52, type: 3}
  m_PrefabInstance: {fileID: 1760528767}
  m_PrefabAsset: {fileID: 0}
--- !u!1 &1760528769 stripped
GameObject:
  m_CorrespondingSourceObject: {fileID: 8709182663956878537, guid: 39a4636aa01975845a7e3d4e4f3a6f52, type: 3}
  m_PrefabInstance: {fileID: 1760528767}
  m_PrefabAsset: {fileID: 0}
--- !u!114 &1760528770 stripped
MonoBehaviour:
  m_CorrespondingSourceObject: {fileID: 8709182662901730095, guid: 39a4636aa01975845a7e3d4e4f3a6f52, type: 3}
  m_PrefabInstance: {fileID: 1760528767}
  m_PrefabAsset: {fileID: 0}
  m_GameObject: {fileID: 0}
  m_Enabled: 1
  m_EditorHideFlags: 0
  m_Script: {fileID: 11500000, guid: 7eb0999a428459f48bb7256ae30aa3b0, type: 3}
  m_Name: 
  m_EditorClassIdentifier: 
--- !u!1 &1793225959
GameObject:
  m_ObjectHideFlags: 0
  m_CorrespondingSourceObject: {fileID: 0}
  m_PrefabInstance: {fileID: 0}
  m_PrefabAsset: {fileID: 0}
  serializedVersion: 6
  m_Component:
  - component: {fileID: 1793225960}
  - component: {fileID: 1793225961}
  m_Layer: 5
  m_Name: quadrant_2
  m_TagString: Untagged
  m_Icon: {fileID: 0}
  m_NavMeshLayer: 0
  m_StaticEditorFlags: 0
  m_IsActive: 1
--- !u!224 &1793225960
RectTransform:
  m_ObjectHideFlags: 0
  m_CorrespondingSourceObject: {fileID: 0}
  m_PrefabInstance: {fileID: 0}
  m_PrefabAsset: {fileID: 0}
  m_GameObject: {fileID: 1793225959}
  m_LocalRotation: {x: 0, y: 0, z: 0, w: 1}
  m_LocalPosition: {x: 0, y: 0, z: 0}
  m_LocalScale: {x: 1, y: 1, z: 1}
  m_Children:
  - {fileID: 179508410}
  - {fileID: 982004043}
  - {fileID: 755216279}
  m_Father: {fileID: 195566441}
  m_RootOrder: 2
  m_LocalEulerAnglesHint: {x: 0, y: 0, z: 0}
  m_AnchorMin: {x: 0.5, y: 0.5}
  m_AnchorMax: {x: 0.5, y: 0.5}
  m_AnchoredPosition: {x: -300, y: -179.6}
  m_SizeDelta: {x: 600, y: 600}
  m_Pivot: {x: 0.5, y: 0.5}
--- !u!114 &1793225961
MonoBehaviour:
  m_ObjectHideFlags: 0
  m_CorrespondingSourceObject: {fileID: 0}
  m_PrefabInstance: {fileID: 0}
  m_PrefabAsset: {fileID: 0}
  m_GameObject: {fileID: 1793225959}
  m_Enabled: 1
  m_EditorHideFlags: 0
  m_Script: {fileID: 11500000, guid: 3312d7739989d2b4e91e6319e9a96d76, type: 3}
  m_Name: 
  m_EditorClassIdentifier: 
  m_Padding: {x: -2, y: -2, z: -2, w: -2}
  m_Softness: {x: 0, y: 0}
--- !u!1001 &1858787874
PrefabInstance:
  m_ObjectHideFlags: 0
  serializedVersion: 2
  m_Modification:
    m_TransformParent: {fileID: 2094403546}
    m_Modifications:
    - target: {fileID: 5212800173441663237, guid: 39a4636aa01975845a7e3d4e4f3a6f52, type: 3}
      propertyPath: m_Enabled
      value: 1
      objectReference: {fileID: 0}
    - target: {fileID: 8709182662746213672, guid: 39a4636aa01975845a7e3d4e4f3a6f52, type: 3}
      propertyPath: m_LocalScale.x
      value: 28
      objectReference: {fileID: 0}
    - target: {fileID: 8709182662746213672, guid: 39a4636aa01975845a7e3d4e4f3a6f52, type: 3}
      propertyPath: m_LocalScale.y
      value: 28
      objectReference: {fileID: 0}
    - target: {fileID: 8709182662746213672, guid: 39a4636aa01975845a7e3d4e4f3a6f52, type: 3}
      propertyPath: m_LocalScale.z
      value: 2.320802
      objectReference: {fileID: 0}
    - target: {fileID: 8709182662746213672, guid: 39a4636aa01975845a7e3d4e4f3a6f52, type: 3}
      propertyPath: m_AnchoredPosition.x
      value: 601.5
      objectReference: {fileID: 0}
    - target: {fileID: 8709182662746213672, guid: 39a4636aa01975845a7e3d4e4f3a6f52, type: 3}
      propertyPath: m_AnchoredPosition.y
      value: -590
      objectReference: {fileID: 0}
    - target: {fileID: 8709182662901730093, guid: 39a4636aa01975845a7e3d4e4f3a6f52, type: 3}
      propertyPath: m_Name
      value: ImageManipulator
      objectReference: {fileID: 0}
    - target: {fileID: 8709182662901730094, guid: 39a4636aa01975845a7e3d4e4f3a6f52, type: 3}
      propertyPath: m_Pivot.x
      value: 0.5
      objectReference: {fileID: 0}
    - target: {fileID: 8709182662901730094, guid: 39a4636aa01975845a7e3d4e4f3a6f52, type: 3}
      propertyPath: m_Pivot.y
      value: 0.5
      objectReference: {fileID: 0}
    - target: {fileID: 8709182662901730094, guid: 39a4636aa01975845a7e3d4e4f3a6f52, type: 3}
      propertyPath: m_RootOrder
      value: 1
      objectReference: {fileID: 0}
    - target: {fileID: 8709182662901730094, guid: 39a4636aa01975845a7e3d4e4f3a6f52, type: 3}
      propertyPath: m_AnchorMax.x
      value: 0.5
      objectReference: {fileID: 0}
    - target: {fileID: 8709182662901730094, guid: 39a4636aa01975845a7e3d4e4f3a6f52, type: 3}
      propertyPath: m_AnchorMax.y
      value: 0.5
      objectReference: {fileID: 0}
    - target: {fileID: 8709182662901730094, guid: 39a4636aa01975845a7e3d4e4f3a6f52, type: 3}
      propertyPath: m_AnchorMin.x
      value: 0.5
      objectReference: {fileID: 0}
    - target: {fileID: 8709182662901730094, guid: 39a4636aa01975845a7e3d4e4f3a6f52, type: 3}
      propertyPath: m_AnchorMin.y
      value: 0.5
      objectReference: {fileID: 0}
    - target: {fileID: 8709182662901730094, guid: 39a4636aa01975845a7e3d4e4f3a6f52, type: 3}
      propertyPath: m_SizeDelta.x
      value: 100
      objectReference: {fileID: 0}
    - target: {fileID: 8709182662901730094, guid: 39a4636aa01975845a7e3d4e4f3a6f52, type: 3}
      propertyPath: m_SizeDelta.y
      value: 100
      objectReference: {fileID: 0}
    - target: {fileID: 8709182662901730094, guid: 39a4636aa01975845a7e3d4e4f3a6f52, type: 3}
      propertyPath: m_LocalPosition.x
      value: 0
      objectReference: {fileID: 0}
    - target: {fileID: 8709182662901730094, guid: 39a4636aa01975845a7e3d4e4f3a6f52, type: 3}
      propertyPath: m_LocalPosition.y
      value: 0
      objectReference: {fileID: 0}
    - target: {fileID: 8709182662901730094, guid: 39a4636aa01975845a7e3d4e4f3a6f52, type: 3}
      propertyPath: m_LocalPosition.z
      value: 0
      objectReference: {fileID: 0}
    - target: {fileID: 8709182662901730094, guid: 39a4636aa01975845a7e3d4e4f3a6f52, type: 3}
      propertyPath: m_LocalRotation.w
      value: 1
      objectReference: {fileID: 0}
    - target: {fileID: 8709182662901730094, guid: 39a4636aa01975845a7e3d4e4f3a6f52, type: 3}
      propertyPath: m_LocalRotation.x
      value: 0
      objectReference: {fileID: 0}
    - target: {fileID: 8709182662901730094, guid: 39a4636aa01975845a7e3d4e4f3a6f52, type: 3}
      propertyPath: m_LocalRotation.y
      value: 0
      objectReference: {fileID: 0}
    - target: {fileID: 8709182662901730094, guid: 39a4636aa01975845a7e3d4e4f3a6f52, type: 3}
      propertyPath: m_LocalRotation.z
      value: 0
      objectReference: {fileID: 0}
    - target: {fileID: 8709182662901730094, guid: 39a4636aa01975845a7e3d4e4f3a6f52, type: 3}
      propertyPath: m_AnchoredPosition.x
      value: 0
      objectReference: {fileID: 0}
    - target: {fileID: 8709182662901730094, guid: 39a4636aa01975845a7e3d4e4f3a6f52, type: 3}
      propertyPath: m_AnchoredPosition.y
      value: 0
      objectReference: {fileID: 0}
    - target: {fileID: 8709182662901730094, guid: 39a4636aa01975845a7e3d4e4f3a6f52, type: 3}
      propertyPath: m_LocalEulerAnglesHint.x
      value: 0
      objectReference: {fileID: 0}
    - target: {fileID: 8709182662901730094, guid: 39a4636aa01975845a7e3d4e4f3a6f52, type: 3}
      propertyPath: m_LocalEulerAnglesHint.y
      value: 0
      objectReference: {fileID: 0}
    - target: {fileID: 8709182662901730094, guid: 39a4636aa01975845a7e3d4e4f3a6f52, type: 3}
      propertyPath: m_LocalEulerAnglesHint.z
      value: 0
      objectReference: {fileID: 0}
    - target: {fileID: 8709182662901730095, guid: 39a4636aa01975845a7e3d4e4f3a6f52, type: 3}
      propertyPath: source
      value: 
      objectReference: {fileID: 1654806207}
    - target: {fileID: 8709182662901730095, guid: 39a4636aa01975845a7e3d4e4f3a6f52, type: 3}
      propertyPath: isToggle
      value: 1
      objectReference: {fileID: 0}
    - target: {fileID: 8709182662901730095, guid: 39a4636aa01975845a7e3d4e4f3a6f52, type: 3}
      propertyPath: targets.Array.size
      value: 3
      objectReference: {fileID: 0}
    - target: {fileID: 8709182662901730095, guid: 39a4636aa01975845a7e3d4e4f3a6f52, type: 3}
      propertyPath: targets.Array.data[2]
      value: 
      objectReference: {fileID: 539311891}
    - target: {fileID: 8709182663405842331, guid: 39a4636aa01975845a7e3d4e4f3a6f52, type: 3}
      propertyPath: m_LocalScale.x
      value: 6
      objectReference: {fileID: 0}
    - target: {fileID: 8709182663405842331, guid: 39a4636aa01975845a7e3d4e4f3a6f52, type: 3}
      propertyPath: m_LocalScale.y
      value: 6
      objectReference: {fileID: 0}
    - target: {fileID: 8709182663405842331, guid: 39a4636aa01975845a7e3d4e4f3a6f52, type: 3}
      propertyPath: m_AnchoredPosition.y
      value: 0
      objectReference: {fileID: 0}
    - target: {fileID: 8709182663840998968, guid: 39a4636aa01975845a7e3d4e4f3a6f52, type: 3}
      propertyPath: m_Sprite
      value: 
      objectReference: {fileID: 21300000, guid: 2cdaa9a187673cb4e96dae42d37e7971, type: 3}
    - target: {fileID: 8709182663840999109, guid: 39a4636aa01975845a7e3d4e4f3a6f52, type: 3}
      propertyPath: m_IsActive
      value: 1
      objectReference: {fileID: 0}
    - target: {fileID: 8709182663840999110, guid: 39a4636aa01975845a7e3d4e4f3a6f52, type: 3}
      propertyPath: m_LocalScale.x
      value: 0.48889026
      objectReference: {fileID: 0}
    - target: {fileID: 8709182663840999110, guid: 39a4636aa01975845a7e3d4e4f3a6f52, type: 3}
      propertyPath: m_LocalScale.y
      value: 0.48889026
      objectReference: {fileID: 0}
    - target: {fileID: 8709182663840999110, guid: 39a4636aa01975845a7e3d4e4f3a6f52, type: 3}
      propertyPath: m_LocalScale.z
      value: 0.48889026
      objectReference: {fileID: 0}
    - target: {fileID: 8709182663840999110, guid: 39a4636aa01975845a7e3d4e4f3a6f52, type: 3}
      propertyPath: m_LocalRotation.w
      value: 0.99999964
      objectReference: {fileID: 0}
    - target: {fileID: 8709182663840999110, guid: 39a4636aa01975845a7e3d4e4f3a6f52, type: 3}
      propertyPath: m_LocalRotation.z
      value: -0.0008878558
      objectReference: {fileID: 0}
    - target: {fileID: 8709182663840999110, guid: 39a4636aa01975845a7e3d4e4f3a6f52, type: 3}
      propertyPath: m_AnchoredPosition.x
      value: -128.9
      objectReference: {fileID: 0}
    - target: {fileID: 8709182663840999110, guid: 39a4636aa01975845a7e3d4e4f3a6f52, type: 3}
      propertyPath: m_AnchoredPosition.y
      value: 125.5
      objectReference: {fileID: 0}
    - target: {fileID: 8709182663840999110, guid: 39a4636aa01975845a7e3d4e4f3a6f52, type: 3}
      propertyPath: m_LocalEulerAnglesHint.z
      value: -0.102
      objectReference: {fileID: 0}
    - target: {fileID: 8709182663840999111, guid: 39a4636aa01975845a7e3d4e4f3a6f52, type: 3}
      propertyPath: m_OnClick.m_PersistentCalls.m_Calls.Array.data[0].m_Arguments.m_IntArgument
      value: 1
      objectReference: {fileID: 0}
    - target: {fileID: 8709182663840999111, guid: 39a4636aa01975845a7e3d4e4f3a6f52, type: 3}
      propertyPath: m_OnClick.m_PersistentCalls.m_Calls.Array.data[2].m_Arguments.m_IntArgument
      value: 1
      objectReference: {fileID: 0}
    - target: {fileID: 8709182663956878537, guid: 39a4636aa01975845a7e3d4e4f3a6f52, type: 3}
      propertyPath: m_IsActive
      value: 1
      objectReference: {fileID: 0}
    - target: {fileID: 8709182663956878538, guid: 39a4636aa01975845a7e3d4e4f3a6f52, type: 3}
      propertyPath: m_LocalScale.x
      value: 0.86
      objectReference: {fileID: 0}
    - target: {fileID: 8709182663956878538, guid: 39a4636aa01975845a7e3d4e4f3a6f52, type: 3}
      propertyPath: m_LocalScale.y
      value: 0.86
      objectReference: {fileID: 0}
    - target: {fileID: 8709182663956878538, guid: 39a4636aa01975845a7e3d4e4f3a6f52, type: 3}
      propertyPath: m_LocalScale.z
      value: 0.86
      objectReference: {fileID: 0}
    - target: {fileID: 8709182663956878538, guid: 39a4636aa01975845a7e3d4e4f3a6f52, type: 3}
      propertyPath: m_AnchoredPosition.x
      value: 6
      objectReference: {fileID: 0}
    - target: {fileID: 8709182663956878538, guid: 39a4636aa01975845a7e3d4e4f3a6f52, type: 3}
      propertyPath: m_AnchoredPosition.y
      value: -158
      objectReference: {fileID: 0}
    - target: {fileID: 8709182663956878539, guid: 39a4636aa01975845a7e3d4e4f3a6f52, type: 3}
      propertyPath: m_OnClick.m_PersistentCalls.m_Calls.Array.data[0].m_Arguments.m_IntArgument
      value: 0
      objectReference: {fileID: 0}
    - target: {fileID: 8709182663956878539, guid: 39a4636aa01975845a7e3d4e4f3a6f52, type: 3}
      propertyPath: m_OnClick.m_PersistentCalls.m_Calls.Array.data[2].m_Arguments.m_IntArgument
      value: 2
      objectReference: {fileID: 0}
    - target: {fileID: 8709182663956878540, guid: 39a4636aa01975845a7e3d4e4f3a6f52, type: 3}
      propertyPath: m_Sprite
      value: 
      objectReference: {fileID: 21300000, guid: 2cdaa9a187673cb4e96dae42d37e7971, type: 3}
    - target: {fileID: 9161547870542511172, guid: 39a4636aa01975845a7e3d4e4f3a6f52, type: 3}
      propertyPath: m_Enabled
      value: 1
      objectReference: {fileID: 0}
    m_RemovedComponents: []
  m_SourcePrefab: {fileID: 100100000, guid: 39a4636aa01975845a7e3d4e4f3a6f52, type: 3}
--- !u!224 &1858787875 stripped
RectTransform:
  m_CorrespondingSourceObject: {fileID: 8709182662901730094, guid: 39a4636aa01975845a7e3d4e4f3a6f52, type: 3}
  m_PrefabInstance: {fileID: 1858787874}
  m_PrefabAsset: {fileID: 0}
--- !u!1 &1858787876 stripped
GameObject:
  m_CorrespondingSourceObject: {fileID: 8709182663840999109, guid: 39a4636aa01975845a7e3d4e4f3a6f52, type: 3}
  m_PrefabInstance: {fileID: 1858787874}
  m_PrefabAsset: {fileID: 0}
--- !u!1 &1858787877 stripped
GameObject:
  m_CorrespondingSourceObject: {fileID: 8709182663956878537, guid: 39a4636aa01975845a7e3d4e4f3a6f52, type: 3}
  m_PrefabInstance: {fileID: 1858787874}
  m_PrefabAsset: {fileID: 0}
--- !u!114 &1858787878 stripped
MonoBehaviour:
  m_CorrespondingSourceObject: {fileID: 8709182662901730095, guid: 39a4636aa01975845a7e3d4e4f3a6f52, type: 3}
  m_PrefabInstance: {fileID: 1858787874}
  m_PrefabAsset: {fileID: 0}
  m_GameObject: {fileID: 0}
  m_Enabled: 1
  m_EditorHideFlags: 0
  m_Script: {fileID: 11500000, guid: 7eb0999a428459f48bb7256ae30aa3b0, type: 3}
  m_Name: 
  m_EditorClassIdentifier: 
--- !u!1 &1985989841
GameObject:
  m_ObjectHideFlags: 0
  m_CorrespondingSourceObject: {fileID: 0}
  m_PrefabInstance: {fileID: 0}
  m_PrefabAsset: {fileID: 0}
  serializedVersion: 6
  m_Component:
  - component: {fileID: 1985989842}
  - component: {fileID: 1985989844}
  - component: {fileID: 1985989843}
  m_Layer: 5
  m_Name: Image
  m_TagString: Untagged
  m_Icon: {fileID: 0}
  m_NavMeshLayer: 0
  m_StaticEditorFlags: 0
  m_IsActive: 1
--- !u!224 &1985989842
RectTransform:
  m_ObjectHideFlags: 0
  m_CorrespondingSourceObject: {fileID: 0}
  m_PrefabInstance: {fileID: 0}
  m_PrefabAsset: {fileID: 0}
  m_GameObject: {fileID: 1985989841}
  m_LocalRotation: {x: -0, y: -0, z: -0, w: 1}
  m_LocalPosition: {x: 0, y: 0, z: 0}
  m_LocalScale: {x: 12, y: 12, z: 1}
  m_Children: []
  m_Father: {fileID: 255838574}
  m_RootOrder: 0
  m_LocalEulerAnglesHint: {x: 0, y: 0, z: 0}
  m_AnchorMin: {x: 0.5, y: 0.5}
  m_AnchorMax: {x: 0.5, y: 0.5}
  m_AnchoredPosition: {x: -300, y: 6}
  m_SizeDelta: {x: 100, y: 100}
  m_Pivot: {x: 0.5, y: 0.5}
--- !u!114 &1985989843
MonoBehaviour:
  m_ObjectHideFlags: 0
  m_CorrespondingSourceObject: {fileID: 0}
  m_PrefabInstance: {fileID: 0}
  m_PrefabAsset: {fileID: 0}
  m_GameObject: {fileID: 1985989841}
  m_Enabled: 1
  m_EditorHideFlags: 0
  m_Script: {fileID: 11500000, guid: fe87c0e1cc204ed48ad3b37840f39efc, type: 3}
  m_Name: 
  m_EditorClassIdentifier: 
  m_Material: {fileID: 0}
  m_Color: {r: 1, g: 1, b: 1, a: 1}
  m_RaycastTarget: 1
  m_RaycastPadding: {x: 0, y: 0, z: 0, w: 0}
  m_Maskable: 1
  m_OnCullStateChanged:
    m_PersistentCalls:
      m_Calls: []
  m_Sprite: {fileID: 21300000, guid: 6b9198644063f764791ce5531efaff66, type: 3}
  m_Type: 0
  m_PreserveAspect: 0
  m_FillCenter: 1
  m_FillMethod: 0
  m_FillAmount: 1
  m_FillClockwise: 1
  m_FillOrigin: 0
  m_UseSpriteMesh: 0
  m_PixelsPerUnitMultiplier: 1
--- !u!222 &1985989844
CanvasRenderer:
  m_ObjectHideFlags: 0
  m_CorrespondingSourceObject: {fileID: 0}
  m_PrefabInstance: {fileID: 0}
  m_PrefabAsset: {fileID: 0}
  m_GameObject: {fileID: 1985989841}
  m_CullTransparentMesh: 1
--- !u!1 &1987051055
GameObject:
  m_ObjectHideFlags: 0
  m_CorrespondingSourceObject: {fileID: 0}
  m_PrefabInstance: {fileID: 0}
  m_PrefabAsset: {fileID: 0}
  serializedVersion: 6
  m_Component:
  - component: {fileID: 1987051056}
  - component: {fileID: 1987051058}
  - component: {fileID: 1987051057}
  m_Layer: 5
  m_Name: bg
  m_TagString: Untagged
  m_Icon: {fileID: 0}
  m_NavMeshLayer: 0
  m_StaticEditorFlags: 0
  m_IsActive: 1
--- !u!224 &1987051056
RectTransform:
  m_ObjectHideFlags: 0
  m_CorrespondingSourceObject: {fileID: 0}
  m_PrefabInstance: {fileID: 0}
  m_PrefabAsset: {fileID: 0}
  m_GameObject: {fileID: 1987051055}
  m_LocalRotation: {x: 0, y: 0, z: 0, w: 1}
  m_LocalPosition: {x: 0, y: 0, z: 0}
  m_LocalScale: {x: 1, y: 1, z: 1}
  m_Children: []
  m_Father: {fileID: 195566441}
  m_RootOrder: 0
  m_LocalEulerAnglesHint: {x: 0, y: 0, z: 0}
  m_AnchorMin: {x: 0, y: 0}
  m_AnchorMax: {x: 1, y: 1}
  m_AnchoredPosition: {x: 0, y: 0}
  m_SizeDelta: {x: 0, y: 0}
  m_Pivot: {x: 0.5, y: 0.5}
--- !u!114 &1987051057
MonoBehaviour:
  m_ObjectHideFlags: 0
  m_CorrespondingSourceObject: {fileID: 0}
  m_PrefabInstance: {fileID: 0}
  m_PrefabAsset: {fileID: 0}
  m_GameObject: {fileID: 1987051055}
  m_Enabled: 1
  m_EditorHideFlags: 0
  m_Script: {fileID: 11500000, guid: fe87c0e1cc204ed48ad3b37840f39efc, type: 3}
  m_Name: 
  m_EditorClassIdentifier: 
  m_Material: {fileID: 0}
  m_Color: {r: 1, g: 1, b: 1, a: 1}
  m_RaycastTarget: 1
  m_RaycastPadding: {x: 0, y: 0, z: 0, w: 0}
  m_Maskable: 1
  m_OnCullStateChanged:
    m_PersistentCalls:
      m_Calls: []
  m_Sprite: {fileID: 10907, guid: 0000000000000000f000000000000000, type: 0}
  m_Type: 1
  m_PreserveAspect: 0
  m_FillCenter: 1
  m_FillMethod: 4
  m_FillAmount: 1
  m_FillClockwise: 1
  m_FillOrigin: 0
  m_UseSpriteMesh: 0
  m_PixelsPerUnitMultiplier: 1
--- !u!222 &1987051058
CanvasRenderer:
  m_ObjectHideFlags: 0
  m_CorrespondingSourceObject: {fileID: 0}
  m_PrefabInstance: {fileID: 0}
  m_PrefabAsset: {fileID: 0}
  m_GameObject: {fileID: 1987051055}
  m_CullTransparentMesh: 1
--- !u!1 &2094403545
GameObject:
  m_ObjectHideFlags: 0
  m_CorrespondingSourceObject: {fileID: 0}
  m_PrefabInstance: {fileID: 0}
  m_PrefabAsset: {fileID: 0}
  serializedVersion: 6
  m_Component:
  - component: {fileID: 2094403546}
  - component: {fileID: 2094403547}
  m_Layer: 5
  m_Name: quadrant_2
  m_TagString: Untagged
  m_Icon: {fileID: 0}
  m_NavMeshLayer: 0
  m_StaticEditorFlags: 0
  m_IsActive: 1
--- !u!224 &2094403546
RectTransform:
  m_ObjectHideFlags: 0
  m_CorrespondingSourceObject: {fileID: 0}
  m_PrefabInstance: {fileID: 0}
  m_PrefabAsset: {fileID: 0}
  m_GameObject: {fileID: 2094403545}
  m_LocalRotation: {x: 0, y: 0, z: 0, w: 1}
  m_LocalPosition: {x: 0, y: 0, z: 0}
  m_LocalScale: {x: 1, y: 1, z: 1}
  m_Children:
  - {fileID: 1654806207}
  - {fileID: 1858787875}
  - {fileID: 438154847}
  m_Father: {fileID: 195566441}
  m_RootOrder: 1
  m_LocalEulerAnglesHint: {x: 0, y: 0, z: 0}
  m_AnchorMin: {x: 0.5, y: 0.5}
  m_AnchorMax: {x: 0.5, y: 0.5}
  m_AnchoredPosition: {x: -300, y: 420}
  m_SizeDelta: {x: 600, y: 600}
  m_Pivot: {x: 0.5, y: 0.5}
--- !u!114 &2094403547
MonoBehaviour:
  m_ObjectHideFlags: 0
  m_CorrespondingSourceObject: {fileID: 0}
  m_PrefabInstance: {fileID: 0}
  m_PrefabAsset: {fileID: 0}
  m_GameObject: {fileID: 2094403545}
  m_Enabled: 1
  m_EditorHideFlags: 0
  m_Script: {fileID: 11500000, guid: 3312d7739989d2b4e91e6319e9a96d76, type: 3}
  m_Name: 
  m_EditorClassIdentifier: 
  m_Padding: {x: -2, y: -2, z: -2, w: -2}
  m_Softness: {x: 0, y: 0}
